2666 3560
595 408 655 473 103

117 637 119 642 ,
236 579 338 633 Portus
356 577 481 632 nondum
499 577 591 634 editus
610 577 694 632 homo
712 595 770 632 non
786 581 863 633 recte
881 577 969 632 fuisso
988 577 1057 634 dici

182 668 239 719 tur.
274 665 470 718 PAPINIANUS:
490 661 506 716 l.
526 669 540 718 9
559 664 576 732 5
598 673 609 718 1
630 665 662 716 D.
682 666 718 717 ad
734 666 783 732 leq.
802 664 876 730 Folo.
895 671 936 726 35,
956 671 1001 740 2..

392 827 398 840 '
493 843 603 900 Pater.
630 843 751 900 Filius.

237 972 323 1028 Pater
339 971 364 1025 is
384 975 435 1036 est,
454 989 538 1040 quom
556 971 672 1042 nuptiae
686 971 890 1026 demonstrant.
920 971 1058 1025 Faunus:

605 1059 623 1111 l.
642 1059 708 1112 51).
726 1060 759 1111 dc
777 1059 864 1124 injus
881 1073 935 1111 ooo.
954 1066 978 1121 2,
1001 1068 1025 1115 4.

238 1145 324 1198 Pater
346 1147 376 1198 et
397 1143 470 1198 filius
495 1143 595 1198 eadem
617 1159 679 1198 esse
702 1159 825 1213 persona
851 1143 1059 1213 intelliguntur.

626 1229 655 1283 t.
676 1237 705 1282 11
729 1231 755 1282 0.
773 1231 806 1282 dc
824 1230 918 1296 impul.
936 1235 959 1292 6,
980 1235 1020 1284 26.

239 1315 294 1370 Per
312 1332 342 1369 os
361 1314 411 1368 filii
429 1319 511 1386 pater
527 1314 606 1384 loqui
623 1314 742 1369 videtur.

148 1443 150 1446 -
238 1401 318 1455 Inter
334 1403 446 1470 patrem
464 1402 494 1455 et
510 1399 598 1454 filium
616 1399 744 1454 contrahi
763 1399 849 1454 enutio
872 1417 930 1454 non
951 1404 1058 1471 potest,

186 1488 240 1541 sed
258 1486 293 1540 de
311 1487 395 1540 rebus
414 1486 605 1541 castrensibus
622 1489 728 1556 potest.
757 1486 925 1540 ULPIANUS:
945 1489 962 1540 l.
982 1493 996 1540 2
1010 1503 1060 1554 pr.

180 1641 204 1646 Ι,
370 1577 373 1586 “
623 1574 656 1625 Ι).
675 1575 707 1626 de
725 1574 842 1626 contrat.
862 1579 920 1627 emt.
941 1579 980 1636 18,
1002 1580 1024 1628 1.

239 1657 320 1712 Velle
337 1675 395 1712 non
414 1651 547 1720 creditur,
572 1657 620 1725 qui
644 1657 809 1726 obsequitur
829 1658 948 1728 imperio
966 1658 1059 1728 patris

188 1744 235 1798 vel
253 1743 366 1798 domini.
403 1742 567 1796 Unsnuus:
587 1745 602 1796 1.
622 1745 689 1798 41).
708 1744 830 1798 aeas.
850 1751 891 1807 50,
913 1751 953 1799 17.

524 1910 718 1992 Pannonios.

238 2050 394 2120 Pauperies
414 2053 457 2105 est
470 2051 604 2106 damnum
617 2051 676 2104 sine
688 2050 791 2106 iniuria
802 2050 932 2111 facientis
946 2051 1057 2106 datum.

539 2152 588 2205 pr,
604 2137 629 2190 J.
647 2139 673 2188 si
688 2139 838 2204 quadrupes
851 2152 935 2205 paup.
954 2145 978 2216 4,
1000 2143 1024 2192 9.

528 2275 723 2372 Peculium,

175 2481 182 2492 ·
238 2443 384 2499 Peculium
410 2443 517 2498 dictum
545 2447 589 2497 est
615 2443 697 2511 quasi
723 2441 828 2514 pusilla
849 2443 974 2514 pecunia
999 2444 1059 2499 sive

185 2530 390 2601 patrimonium
406 2529 547 2602 pusillum.
583 2529 749 2583 Unamuos:
767 2533 818 2603 lt
839 2531 854 2600 ἕ
875 2539 889 2586 3
909 2531 942 2584 D.
961 2533 994 2584 dc
1007 2545 1059 2597 pe·

253 2601 256 2608 ¹
778 2653 780 2658 ,
852 2618 920 2669 calio
940 2622 979 2678 15,
1000 2623 1025 2669 1.

238 2699 386 2755 Peculium
404 2704 448 2755 est
460 2701 628 2774 universitas
640 2701 808 2771 incorporea
822 2704 851 2755 et
861 2700 937 2764 iuris,
955 2700 986 2753 in
999 2717 1057 2768 qua

185 2785 315 2842 actiones
344 2787 531 2842 continentur.
569 2788 662 2840 Glauca
685 2789 720 2840 od
741 2789 758 2840 l.
784 2796 794 2840 1
821 2787 838 2854 ὅ
862 2787 933 2841 81).
956 2789 1060 2852 quoodo

671 2882 678 2934 ἡ
767 2875 800 2926 dc
813 2874 920 2939 peculio
940 2879 979 2935 15,
1000 2878 1025 2926 8.

238 2958 422 3013 Filiifamilias
445 2959 474 3012 in
498 2957 636 3012 castrensi
652 2945 765 3028 peculio
785 2958 846 3012 vice
864 2945 1060 3027 patrumfami-

186 3045 239 3098 lias
269 3045 431 3114 funguntur.
467 3043 632 3097 aurnuns:
660 3046 676 3096 I.
705 3052 718 3097 1
746 3045 791 3099 D„
807 3045 840 3096 de
866 3039 928 3096 Scto
958 3042 1060 3096 Maced.

943 3137 982 3192 14,
1002 3136 1025 3182 6.
