2634 3556
592 309 632 372 55

424 486 527 542 Fides
552 480 661 560 [bons‚
685 479 797 558 muls].

219 597 326 670 'Omne
346 596 497 665 quodnon
516 599 560 651 est
578 611 611 649 ex
628 595 695 658 fide,
719 597 871 664 peccatum
889 597 938 648 est.
969 595 997 648 ὀ.
1017 601 1049 650 20

695 679 724 732 Χ
740 682 911 748 depressor.
931 687 955 743 2,
974 685 1014 734 26.

226 768 320 823 Grave
339 771 382 823 est
399 768 483 822 fidem
505 767 613 823 fallere.
646 765 811 818 ULPIANUS:
836 767 852 821 l.
874 771 947 832 lpr.
967 765 999 818 D.
1018 766 1050 817 dc
1141 801 1144 806 -

696 867 789 920 perun.
809 852 911 904 constit.
933 858 972 912 13,
991 856 1014 904 5.

226 938 311 992 Fides
329 938 406 992 bonu
424 937 565 992 contraria
583 940 626 991 est
643 936 736 990 fraudi
759 939 788 990 et
806 937 880 991 dolo.
915 937 1048 990 Pennus:

578 1023 594 1074 1.
614 1027 628 1076 3
648 1023 664 1090 ᾖ
685 1028 700 1076 3
719 1021 820 1089 D.pro
838 1023 909 1075 socio
930 1031 970 1085 11,
990 1029 1013 1075 2.

227 1109 309 1163 Bone
325 1108 394 1162 fides
406 1107 574 1161 tantundem
585 1107 745 1176 possidenti
756 1110 893 1176 praestat,
912 1110 1049 1175 quantum

173 1195 294 1257 veritas,
323 1193 441 1262 quoties¹
455 1193 501 1247 lex
523 1192 726 1262 impedimento
750 1209 807 1246 uon
829 1197 879 1247 est
914 1192 1047 1245 PAULUS:

608 1277 1013 1340 l.1361).deB.J.50,1s.

227 1365 284 1419 Ubi
301 1365 347 1420 lex
364 1364 475 1420 inhibet
487 1363 699 1432 usucapionem,
718 1363 795 1418 bonu
807 1363 877 1417 fides
889 1361 1048 1433 possidenti

172 1451 247 1505 nihil
263 1451 390 1520 prodest.
426 1450 612 1503 Pomorrus:
631 1451 648 1503 l.
667 1457 700 1504 24
711 1465 758 1518 pr.
772 1450 805 1503 D.
817 1452 851 1503 dc
862 1464 955 1517 usurp.
969 1456 1010 1510 41,
1024 1455 1047 1502 3.

228 1536 360 1606 Oportet,
387 1539 432 1599 ut,
460 1535 509 1603 qui
536 1534 717 1604 praescribit,
750 1535 780 1588 in
805 1535 885 1590 nulla
910 1533 1047 1604 temporis

173 1626 258 1692 parte
282 1621 323 1676 rei
345 1621 453 1676 habeat
475 1619 680 1674 conscientium
708 1621 825 1676 alienae.
866 1636 887 1673 e.
911 1621 997 1675 2οΧ
1016 1622 1048 1673 de

788 1720 910 1773 praescr.
929 1712 952 1770 2,
972 1711 1013 1767 26,

226 1792 379 1846 Possessor
396 1791 488 1846 maiae
507 1790 573 1845 fidei
590 1791 648 1844 ullo
660 1793 788 1860 tempore
801 1807 858 1845 uon
869 1791 1046 1860 praescribit.

598 1891 620 1929 c.
639 1883 653 1928 2
673 1879 706 1928 de
725 1875 801 1929 B.J.
820 1879 950 1939 516105,
971 1883 1011 1929 12.

229 1962 283 2028 Qui
301 1955 400 2020 contre
416 1961 479 2016 iure
496 1963 646 2024 mercatur,
665 1962 771 2016 bonum
789 1961 873 2014 fidem
890 1961 1045 2029 praesumi·

165 2052 222 2117 ¹tur
240 2065 299 2109 non
315 2047 431 2102 habers.
467 2063 489 2102 c.
508 2054 540 2101 82
559 2050 591 2101 de
610 2049 642 2100 B.
661 2047 686 2100 J.
705 2049 731 2099 in
750 2051 792 2102 eto
811 2054 834 2110 5,
854 2054 893 2101 12.

150 2139 151 2144 ’
228 2132 282 2198 Qui
310 2131 445 2201 intelligit
474 2131 599 2187 alienum
629 2149 659 2187 sc
692 2133 852 2202 possidere,
886 2131 962 2186 mala
991 2131 1046 2185 fide

172 2219 314 2288 possidet.
350 2217 456 2272 GAIUS:
476 2220 493 2271 I.
512 2225 544 2272 38
563 2219 597 2273 Ι).
610 2234 664 2286 pro
682 2223 780 2272 emtore
797 2227 839 2281 41,
858 2225 882 2273 3.

227 2305 308 2359 Bono
325 2303 396 2359 fides
414 2321 472 2358 ucu
488 2303 610 2373 patitur,
634 2306 666 2358 ut
683 2303 727 2358 bis
745 2302 822 2356 idem
840 2302 977 2373 exigatur.

494 2388 640 2444 emus-1.
659 2396 689 2443 57
711 2390 744 2443 Ι).
763 2391 795 2442 dc
814 2390 846 2442 B.
866 2390 891 2443 J.
910 2397 951 2452 50,
972 2398 1010 2443 11.

541 2568 672 2624 Fiscus.

226 2673 326 2732 Fiscus
346 2694 457 2749 semper
473 2666 610 2746 locuples.
656 2699 663 2707 ·

226 2762 325 2816 Fiscus
340 2779 374 2817 ex
385 2763 441 2818 suis
453 2763 646 2818 contractibus
656 2780 757 2818 usuras
767 2780 824 2817 nou
834 2763 892 2818 dat.
910 2763 1042 2817 Pnuuus:

209 2918 212 2922 .
539 2850 571 2904 4Ι.
592 2857 622 2904 11
642 2849 659 2916 ἕ
680 2856 695 2906 5
714 2850 748 2904 D.
766 2852 799 2903 de
816 2851 908 2902 usuris
926 2856 966 2911 22,
987 2857 1008 2902 1.

224 2932 324 2987 Fiscus
336 2949 448 3003 semper
457 2933 545 2988 habet
556 2933 600 2988 ius
614 2933 753 3003 pignoris·
768 2933 1043 2988 Husuosssnscs:

493 3015 510 3088 L
529 3026 562 3074 46
582 3021 599 3089 ἓ
619 3028 633 3099 3
652 3022 685 3074 Ι).
705 3024 814 3088 dejure
829 3022 892 3088 fisci
907 3026 950 3083 49,
970 3028 1009 3075 14.
