2666 3560
697 301 739 363 34

286 479 460 534 perseveres,
495 465 693 521 Primanus:
721 470 739 520 l.
765 473 795 520 15
816 467 832 536 ξ
855 474 866 520 1
892 467 924 518 D.
944 467 977 518 de
1000 465 1074 532 inoff.
1099 465 1159 514 test.

1056 555 1079 610 5,
1100 554 1124 599 2.

340 636 393 702 Qui
410 636 456 690 liti
474 653 502 689 se
523 637 636 699 obtulit,
662 655 726 690 eum
744 653 804 690 rem
821 653 878 690 non
896 635 1069 705 possideret,
1094 649 1161 686 oon-

288 723 444 776 demnatur.
481 722 644 784 Gsshsosz'l.
663 729 696 776 45
716 724 748 776 D.
772 725 805 775 de
822 723 913 775 iered.
929 726 983 788 pet.
1003 728 1027 782 5,
1048 727 1071 773 3.
1098 769 1102 776 .

188 875 192 882 ι
293 811 294 816 ’
338 807 484 861 Pandente
502 807 551 860 lite
569 807 641 859 nihil
658 807 857 860 innovandum.
925 845 928 850 .
968 814 970 818 '

338 892 395 946 Ubi
413 895 515 960 coepta
534 895 585 954 est,
604 891 644 944 ibi
661 891 695 945 lis
716 896 743 946 et
761 892 883 946 finienda
902 895 952 965 est.

339 977 387 1031 Lis
404 977 555 1030 inficiando
575 976 676 1030 erescit
692 977 722 1030 in
741 977 865 1046 duplum.

339 1062 387 1116 Lis
405 1064 472 1115 tune
491 1064 649 1116 contestata
666 1063 790 1124 videtur,
810 1079 874 1116 oum
893 1062 979 1117 iudex
997 1079 1050 1130 per
1067 1075 1163 1113 narra-

288 1148 396 1201 tionem
419 1146 527 1215 negotii
546 1163 659 1214 causam
681 1147 777 1202 audire
797 1148 932 1216 eoeperit.
970 1149 999 1200 L.
1018 1165 1062 1200 un.
1086 1147 1112 1199 θ.
1131 1147 1165 1196 de

853 1235 909 1285 litis
928 1238 1037 1286 contest.
1058 1239 1082 1294 3,
1103 1238 1127 1286 9.

339 1315 389 1379 Ea,
401 1332 585 1384 quaeeunque
595 1319 661 1384 post
669 1317 727 1371 litis
738 1317 1165 1384 contestationemeontingunt,

289 1401 435 1455 arbitrium
458 1400 559 1453 iudicis
583 1400 752 1455 desiderant.
793 1403 960 1456 ULPIANUS:
988 1405 1006 1455 l.
1030 1411 1062 1458 31
1088 1403 1105 1470 ἕ
1133 1407 1165 1453 13

634 1490 636 1495 ’
776 1489 809 1541 I).
828 1491 861 1542 de
880 1490 961 1542 aedil.
981 1491 1021 1542 ed.
1042 1495 1084 1550 21,
1106 1494 1128 1540 1.

520 1678 522 1682 .
586 1630 711 1686 Litora.
742 1631 858 1698 Ripae.

341 1736 420 1791 Litus
445 1739 500 1799 est,
524 1754 667 1807 quousque
690 1742 826 1795 maximus
849 1742 952 1796 fluctus
976 1759 993 1794 a
1011 1741 1084 1794 mari
1101 1755 1168 1809 per-

290 1822 376 1876 venit.
412 1823 539 1877 causus:
558 1827 575 1877 l.
595 1832 626 1879 96
640 1842 687 1892 pr.
706 1828 739 1880 D.
758 1830 790 1880 de
814 1829 841 1880 V.
860 1825 888 1881 S.
909 1835 951 1890 50,
972 1835 1012 1882 16.

342 1906 394 1960 Est
415 1911 509 1961 autem
532 1909 597 1962 litus
619 1911 715 1977 maris,
744 1916 881 1980 quatenus
905 1912 1043 1965 hibernus
1062 1911 1169 1964 fluetus

291 1993 428 2046 maximus
447 1993 574 2046 excurrit.
611 1995 627 2062 ᾗ
647 2002 661 2048 3
680 1997 704 2048 J.
722 1999 754 2049 de
773 2013 827 2048 rer.
847 1999 896 2050 dio.
917 2004 940 2059 2,
962 2005 984 2051 1.

343 2076 422 2130 Litus
444 2077 588 2145 publicum
612 2082 655 2132 est
677 2083 806 2143 eatenus,
835 2098 891 2149 qua
913 2081 1039 2135 maximo
1062 2081 1169 2134 fluctus

293 2162 445 2214 exaestuat.
480 2161 663 2215 uvorrsus:
682 2167 700 2216 l.
721 2172 768 2218 112
788 2166 821 2218 Ι).
840 2169 873 2218 de
897 2167 924 2220 V.
943 2166 971 2220 S.
991 2174 1033 2228 50,
1054 2173 1095 2219 16.

344 2244 471 2297 Litorum
488 2263 554 2298 usus
571 2247 700 2314 publicus
720 2253 769 2302 est.
790 2251 806 2317 ἓ
827 2257 841 2304 5
860 2251 886 2304 J.
905 2254 937 2304 de
957 2268 1014 2305 rer.
1033 2255 1085 2304 div.
1104 2259 1170 2315 2,1.

346 2326 426 2392 Quod
443 2329 472 2380 in
489 2329 571 2384 litore
590 2332 651 2398 quis
670 2333 869 2398 aedificaverit,
890 2336 950 2389 eius
971 2338 1033 2392 erit.

405 2412 571 2466 Notarius:
590 2418 642 2470 l.14
655 2433 701 2484 pr.
720 2419 752 2472 J).
771 2421 804 2471 de
822 2435 896 2486 aequ.
915 2437 971 2477 rer.
991 2425 1059 2477 dom.
1079 2430 1123 2485 41,
1146 2432 1170 2476 1.

344 2494 416 2564 Ripa
440 2515 473 2550 ea
494 2502 609 2567 putatur
632 2516 704 2564 esse,
733 2519 805 2570 quae
832 2505 1032 2572 plenissimum
1060 2508 1171 2562 flumen

294 2579 428 2633 eontinet.
464 2581 595 2636 Primus:
616 2587 633 2637 l.
653 2594 666 2640 3
686 2588 703 2654 ἓ
724 2595 736 2640 1
756 2588 789 2640 Ι).
808 2590 841 2640 de
856 2589 929 2652 llum.
949 2599 992 2654 43,
1014 2600 1055 2646 12.

344 2662 433 2731 Ripae
453 2666 563 2730 aedunt,
582 2685 615 2720 ex
633 2687 688 2736 quo
706 2671 828 2738 primum
846 2689 863 2725 a
881 2675 968 2742 plano
987 2695 1110 2748 vergere
1126 2680 1169 2732 in·

294 2746 363 2815 cipit
380 2765 467 2815 usque
487 2751 523 2802 ad
540 2768 648 2820 aquam.
683 2755 816 2808 PAuLus:
844 2759 861 2810 l.
882 2767 896 2813 3
917 2762 934 2829 ᾖ
954 2763 1023 2815 21).
1043 2766 1077 2816 de
1093 2765 1170 2828 flam.

345 2915 479 2986 Riparum
496 2937 560 2974 usus
578 2922 705 2990 publicus
725 2928 774 2978 est.
811 2925 919 2981 Gaius:
943 2933 961 2984 l.
981 2939 996 2986 5
1011 2855 1068 2999 piri,
1080 2857 1172 2988 lii-de

897 3017 965 3068 divis
984 3033 1041 3070 rer.
1064 3027 1086 3080 1,
1107 3026 1133 3072 8.
