2698 3558
690 329 730 391 52

274 514 327 566 per
344 495 431 550 alium
449 513 528 549 mora
545 495 584 558 fit,
604 493 753 562 quominus
772 495 830 548 fiat.
866 493 1056 546 POMPONIUS:
1081 491 1098 541 l.
1118 493 1152 542 59

814 581 846 633 D.
865 581 897 632 de
916 579 949 632 R.
968 577 993 630 J.
1013 583 1054 638 50,
1076 583 1116 628 17.

572 739 722 796 Femina.
752 741 857 796 Uxor.

329 853 446 908 Femina
463 857 507 908 est
524 853 586 906 finis
605 851 739 908 familiae.

328 938 429 993 Mulier
446 937 569 992 familiae
589 954 657 991 suae
676 941 704 990 ct
723 939 810 1005 eaput
828 939 858 990 et
874 934 938 988 finis
958 938 1010 989 est.

448 1023 614 1076 Unmnnus:
634 1024 650 1075 l.
671 1029 718 1076 195
739 1023 756 1090 ἓ
776 1029 790 1075 5
811 1023 843 1074 Ι).
862 1023 895 1073 de
918 1021 945 1074 V.
965 1017 995 1073 S.
1015 1025 1057 1082 5ο,
1079 1025 1119 1072 15.

328 1109 461 1163 Feminae
479 1125 531 1177 pro
549 1106 709 1160 infirmitate
729 1123 809 1160 sexus
828 1105 921 1159 minus
935 1121 1021 1174 quarn
1033 1099 1158 1157 masculi

280 1211 399 1248 ausurae
419 1211 479 1248 esse
499 1193 659 1249 creduntur.

328 1279 493 1338 Mulienbus
511 1281 579 1332 tnnc
598 1277 818 1331 succurrendum
836 1278 892 1338 est,
917 1292 982 1329 cum
1001 1273 1159 1329 defendan-

278 1368 331 1428 tur,
350 1381 407 1418 non
425 1367 457 1418 ut
474 1363 585 1416 facilins
606 1362 820 1418 calumnientur.
850 1361 986 1414 PAULUS:
1006 1362 1023 1412 l.
1045 1366 1096 1430 110
1110 1359 1159 1427 §4

817 1449 849 1501 I).
868 1450 901 1500 de
920 1448 997 1502 a-J.
1017 1453 1058 1507 50,
1080 1453 1123 1498 17.

329 1534 464 1603 Deceptis
483 1532 602 1594 feminis,
621 1549 678 1586 non
697 1532 904 1600 decipientibus
925 1529 1110 1584 succurritur.

330 1618 395 1672 Non
421 1618 496 1671 enim
521 1634 573 1686 pro
600 1617 678 1671 lucro
705 1618 832 1671 fovemus
859 1616 1007 1678 mulieres,
1042 1615 1095 1669 sed
1123 1630 1161 1666 ne

280 1704 413 1757 damnum
423 1701 568 1771 patiantur
577 1702 690 1768 suisque
700 1701 783 1756 rebus
794 1701 1003 1763 defraudentur,
1015 1717 1160 1754 curamus.

549 1787 578 1840 L
598 1793 628 1839 12
648 1788 665 1854 ξ
685 1793 699 1839 2
722 1788 747 1839 C.
766 1789 811 1852 qui
821 1791 879 1853 pot.
899 1789 925 1838 in
939 1789 1015 1853 piqn.
1035 1792 1060 1847 8,
1082 1791 1125 1838 18.

332 1872 452 1926 Senatus
472 1871 549 1940 [Scto
568 1870 725 1940 Velleian0]
750 1870 893 1939 obligatae
912 1869 1024 1924 mulieri
1044 1886 1162 1922 succur-

280 1974 340 2012 rere
362 1955 464 2020 volnit,
487 1972 545 2009 non
569 1955 692 2010 donanti.
727 1951 893 2008 Unrnsus:
921 1958 937 2008 1.
959 1965 976 2009 4
995 1957 1012 2023 5
1034 1964 1046 2008 1
1069 1956 1105 2012 Ι).
1127 1957 1166 2006 ad

810 2038 900 2093 Sctum
924 2041 1015 2106 Vellej.
1038 2047 1078 2101 16,
1101 2048 1126 2094 l.

333 2125 466 2179 Feminae
486 2126 521 2179 ab
541 2123 670 2178 omnibus
695 2125 794 2179 officiis
819 2124 948 2180 civilibus
969 2125 1015 2178 vel
1033 2123 1164 2194 publicis

281 2213 406 2264 remotae
425 2214 497 2264 sunt.
533 2209 699 2264 Uannius:
718 2212 735 2264 l,
755 2218 829 2278 2pr.
850 2211 883 2264 J).
902 2213 934 2264 de
954 2211 988 2264 R.
1007 2210 1033 2263 J.
1053 2218 1097 2272 50,
1122 2217 1164 2263 ll.

333 2294 464 2348 Feminae
487 2297 596 2347 tutores
623 2293 685 2346 dari
710 2311 768 2348 non
794 2298 915 2362 possunt
944 2295 1166 2364 [praeterquam

282 2381 374 2431 mater
391 2381 420 2432 et
437 2379 519 2449 avial.
549 2378 716 2431 Nnnnrrus:
735 2382 752 2432 l.
773 2385 803 2433 18
822 2380 856 2433 I).
875 2383 908 2433 de
927 2378 1018 2433 tutelis
1037 2387 1080 2442 26,
1104 2390 1127 2434 1.

334 2462 466 2516 Feminae
485 2463 621 2532 adoptare
639 2481 696 2518 non
713 2466 841 2531 possunt,
860 2463 927 2530 qnia
945 2482 999 2518 nec
1012 2466 1166 2520 naturales

283 2546 387 2600 liberos
409 2545 439 2597 in
462 2563 512 2599 sua
534 2549 677 2615 potestate
700 2547 820 2599 habent:
849 2547 900 2600 sed
923 2564 956 2600 ex
978 2547 1168 2617 indulgentia

283 2629 417 2699 principis
439 2630 469 2683 in
491 2630 626 2684 solatium
647 2630 799 2684 liberorum
826 2631 995 2685 amissorum
1020 2633 1167 2702 adoptare

284 2718 412 2782 possunt.
448 2715 465 2782 ἓ
486 2722 517 2768 10
536 2716 561 2767 J.
580 2717 612 2767 de
630 2718 717 2782 adopt.
738 2722 760 2775 1,
781 2723 821 2767 11.

337 2797 452 2851 Varium
476 2803 505 2852 et
531 2799 666 2852 mutabile
693 2798 887 2852 testimonium
915 2817 1027 2870 semper
1054 2802 1170 2857 femina

285 2882 424 2951 producit.
459 2900 480 2936 c.
502 2891 533 2936 10
552 2883 582 2934 X
596 2887 628 2935 de
652 2885 678 2936 V.
698 2879 726 2934 S.
747 2889 770 2944 5,
789 2890 830 2936 40.

335 2965 454 3020 Defendi
471 2984 570 3021 uxores
590 2984 606 3019 a
624 2967 690 3020 vin's
709 2984 831 3035 aequum
850 2970 902 3022 est.
937 2968 1078 3023 Pennus:
1111 2971 1168 3026 l.2

289 3052 321 3102 D.
340 3052 372 3104 de
390 3054 495 3117 injuriis
513 3060 554 3113 47,
575 3059 614 3105 10.
