2698 3558
688 289 729 354 76

275 458 416 515 naturalia
436 475 503 513 vero
526 474 583 512 non
606 457 713 526 utique.
749 457 856 511 GAIUS:
884 459 900 510 l.
919 463 934 511 8
954 459 986 512 D.
1011 459 1152 525 decapite

966 559 1025 596 men.
1062 582 1068 605 ,
1106 585 1112 597 .

325 629 454 686 Naturali
472 630 526 684 iuri
545 627 748 684 cousuetudine
770 628 900 698 derogari
916 645 975 682 non
991 550 1104 698 potgst.5

327 716 409 782 Quod
426 716 469 770 ius
488 715 617 780 naturale
631 714 742 778 attinet,
761 730 859 769 omnes
871 714 999 768 homines
1012 714 1150 782 aequales

396 837 398 842 -
430 805 503 856 sunt.
534 801 705 856 umnam:
723 797 741 854 l.
760 808 792 855 32
812 802 845 855 D.
864 803 897 854 de
914 802 948 854 R.
967 802 992 854 J.
1011 808 1053 864 50,
1073 809 1112 854 17.

430 997 490 1052 Ius
512 997 701 1065 publicum.
732 997 792 1051 Ius
814 997 994 1064 privatum.

327 1126 478 1180 Publicum
500 1125 544 1186 ius
569 1128 625 1188 est,
653 1125 729 1192 quod
752 1124 788 1177 ad
812 1128 920 1180 statum
940 1124 982 1179 rei
1003 1123 1150 1179 Romanae

276 1215 401 1282 speetat3
420 1210 571 1281 privatum,
590 1211 667 1279 quod
685 1209 721 1263 ad
740 1209 916 1280 singulorum
934 1209 1097 1264 utilitatem.

544 1295 714 1350 aurnuns:
732 1291 749 1348 l.
769 1303 781 1349 1
802 1297 819 1364 fi
839 1303 854 1350 2
874 1296 907 1353 1).
925 1299 1030 1363 dejure
1048 1304 1070 1359 1,
1091 1303 1113 1350 l.

327 1381 418 1438 Nemo
435 1382 479 1436 ius
501 1380 648 1451 publicum
670 1380 815 1436 remittere
841 1385 946 1451 potest.
981 1381 1151 1434 Uumrtus:

604 1463 621 1520 l.
640 1474 655 1521 5
675 1468 692 1535 ξ
712 1474 725 1519 7
745 1467 777 1520 l).
797 1469 830 1520 de
848 1469 944 1521 admira.
962 1472 1010 1520 tut.
1029 1473 1070 1530 26,
1091 1475 1113 1520 7.
1222 1483 1226 1490 ’

327 1553 372 1607 lus
391 1553 537 1621 publicum
554 1551 729 1622 privatorum
746 1551 839 1621 pactis
857 1551 962 1605 mutari
973 1568 1031 1604 nou
1042 1554 1151 1620 potest.

514 1637 714 1691 Pnsnsnsus:
734 1640 752 1692 1.
770 1644 803 1692 88
823 1638 856 1691 D.
874 1639 907 1690 de
920 1639 1011 1704 poetis
1029 1644 1053 1699 2,
1074 1644 1114 1690 14.

327 1723 506 1778 Privatorum
525 1723 676 1778 conventio
693 1722 748 1778 iuri
766 1722 881 1793 publioo
899 1739 957 1776 non
975 1721 1103 1791 derogat.

468 1808 635 1862 Unrrnnus:
654 1811 672 1864 1.
690 1815 723 1863 45
743 1809 759 1878 5
780 1816 793 1863 1
814 1809 846 1862 D.
865 1810 898 1861 de
917 1808 950 1861 R.
969 1809 994 1862 J.
1014 1815 1055 1871 50,
1076 1815 1116 1862 17.

557 2029 559 2032 ·
586 2020 841 2078 Iusiurandum.

319 2139 528 2206 iusiurandum
546 2149 638 2206 vicem
655 2149 696 2204 rei
713 2141 858 2204 iudicatae
878 2149 997 2204 obtinet.

430 2235 599 2288 ULPIANUS:
618 2237 635 2288 ἱ.
655 2245 665 2289 1
682 2252 729 2303 pr.
748 2235 781 2289 D.
800 2251 911 2303 quarum
929 2252 1019 2289 rerum
1035 2243 1079 2299 44,
1093 2241 1116 2289 5.

329 2320 531 2374 Iusiurandum
559 2319 683 2390 speeiem
710 2320 913 2375 transactionis
943 2319 1071 2376 eontinet
1093 2338 1152 2375 ma-

178 2393 180 2400 ⁴
276 2405 422 2475 ioremque
441 2407 529 2461 habet
547 2405 747 2461 auctoritatem
766 2423 852 2475 quam
869 2424 915 2461 res
933 2407 1069 2461 iudicata.

608 2492 743 2546 PAULUS:
761 2489 777 2547 l.
796 2499 811 2546 2
831 2493 864 2547 Ι).
883 2496 916 2546 de
925 2496 1014 2560 jurej.
1034 2500 1074 2556 12,
1094 2499 1117 2546 2.

332 2577 533 2632 Iusiurandum
556 2578 642 2632 etiam
664 2577 728 2631 loeo
753 2575 901 2633 solutionis
924 2577 1007 2632 cedit.
1043 2577 1153 2632 unns:

677 2677 680 2682 ·
746 2666 762 2718 l.
782 2672 813 2719 27
833 2665 867 2718 D.
885 2667 1014 2732 deyaroj.
1036 2671 1076 2726 12,
1095 2670 1118 2716 2.

329 2750 523 2804 Iuramentum
542 2749 578 2804 ad
596 2750 754 2820 incogitata
772 2766 829 2803 non
849 2746 1018 2804 extenditur.

329 2835 498 2890 Manifestae
521 2835 704 2904 turpitudinis
734 2839 764 2889 et
791 2834 977 2890 confessionis
1006 2838 1051 2889 est
1076 2834 1153 2889 nolle

279 2937 332 2975 nec
351 2921 442 2974 iurare
460 2936 514 2974 neo
531 2919 726 2975 iusiurandum
738 2921 850 2975 referre.
878 2920 1012 2974 Pronus:
1031 2917 1048 2973 Ι,
1068 2920 1153 2974 881).

883 3009 916 3059 de
926 3009 1014 3072 jures.
1034 3013 1075 3070 12,
1094 3011 1119 3060 2.
