<?xml version="1.0" encoding="UTF-8"?>
<!DOCTYPE html PUBLIC "-//W3C//DTD XHTML 1.0 Transitional//EN"
    "http://www.w3.org/TR/xhtml1/DTD/xhtml1-transitional.dtd">
<html xmlns="http://www.w3.org/1999/xhtml" xml:lang="en" lang="en">
 <head>
  <title>
</title>
<meta http-equiv="Content-Type" content="text/html;charset=utf-8" />
  <meta name='ocr-system' content='tesseract 3.04.00' />
  <meta name='ocr-capabilities' content='ocr_page ocr_carea ocr_par ocr_line ocrx_word'/>
</head>
<body>
  <div class='ocr_page' id='page_1' title='image "./regulaeiuris00fromgoog_0123.png"; bbox 0 0 2666 3560; ppageno 0'>
   <div class='ocr_carea' id='block_1_1' title="bbox 698 317 760 380">
    <p class='ocr_par' dir='ltr' id='par_1_1' title="bbox 698 317 760 380">
     <span class='ocr_line' id='line_1_1' title="bbox 698 317 760 380; baseline 0 0"><span class='ocrx_word' id='word_1_1' title='bbox 698 317 760 380; x_wconf 86' lang='lat'>114</span> 
     </span>
    </p>
   </div>
   <div class='ocr_carea' id='block_1_2' title="bbox 294 483 1178 2768">
    <p class='ocr_par' dir='ltr' id='par_1_2' title="bbox 294 483 1178 2768">
     <span class='ocr_line' id='line_1_2' title="bbox 294 483 1173 554; baseline -0.005 -16"><span class='ocrx_word' id='word_1_2' title='bbox 294 484 483 554; x_wconf 80' lang='lat' dir='ltr'>possessionis</span> <span class='ocrx_word' id='word_1_3' title='bbox 502 483 638 553; x_wconf 83' lang='lat' dir='ltr'>temporis</span> <span class='ocrx_word' id='word_1_4' title='bbox 655 483 720 554; x_wconf 83' lang='lat' dir='ltr'>lege</span> <span class='ocrx_word' id='word_1_5' title='bbox 740 483 856 538; x_wconf 75' lang='lat' dir='ltr'>definiti.</span> <span class='ocrx_word' id='word_1_6' title='bbox 892 483 1101 537; x_wconf 68' lang='lat' dir='ltr'>Monasrnms:</span> <span class='ocrx_word' id='word_1_7' title='bbox 1121 484 1173 539; x_wconf 66' lang='lat'>13</span> 
     </span>
     <span class='ocr_line' id='line_1_3' title="bbox 830 570 1133 636; baseline 0 -14"><span class='ocrx_word' id='word_1_8' title='bbox 830 570 864 622; x_wconf 80' lang='lat' dir='ltr'>I).</span> <span class='ocrx_word' id='word_1_9' title='bbox 883 571 916 623; x_wconf 84' lang='lat' dir='ltr'>de</span> <span class='ocrx_word' id='word_1_10' title='bbox 934 585 1025 636; x_wconf 78' lang='lat' dir='ltr'>usurp.</span> <span class='ocrx_word' id='word_1_11' title='bbox 1044 576 1087 632; x_wconf 83' lang='lat'>41,</span> <span class='ocrx_word' id='word_1_12' title='bbox 1108 575 1133 622; x_wconf 82' lang='grc'>3.</span> 
     </span>
     <span class='ocr_line' id='line_1_4' title="bbox 346 654 1174 725; baseline -0.006 -14"><span class='ocrx_word' id='word_1_13' title='bbox 346 655 482 711; x_wconf 86' lang='lat' dir='ltr'>Vetustas</span> <span class='ocrx_word' id='word_1_14' title='bbox 502 671 613 724; x_wconf 78' lang='lat' dir='ltr'>semper</span> <span class='ocrx_word' id='word_1_15' title='bbox 629 671 681 725; x_wconf 88' lang='lat' dir='ltr'>pro</span> <span class='ocrx_word' id='word_1_16' title='bbox 699 654 763 724; x_wconf 82' lang='lat' dir='ltr'>lege</span> <span class='ocrx_word' id='word_1_17' title='bbox 786 655 916 710; x_wconf 89' lang='lat' dir='ltr'>habetur.</span> <span class='ocrx_word' id='word_1_18' title='bbox 952 655 1086 707; x_wconf 61' lang='lat' dir='ltr'>Pronus:</span> <span class='ocrx_word' id='word_1_19' title='bbox 1115 655 1132 706; x_wconf 85' lang='lat'>1.</span> <span class='ocrx_word' id='word_1_20' title='bbox 1152 660 1174 706; x_wconf 69' lang='lat'><strong>2</strong></span> 
     </span>
     <span class='ocr_line' id='line_1_5' title="bbox 793 740 1133 808; baseline 0 -16"><span class='ocrx_word' id='word_1_21' title='bbox 793 756 839 808; x_wconf 82' lang='lat' dir='ltr'>pr.</span> <span class='ocrx_word' id='word_1_22' title='bbox 858 740 892 792; x_wconf 80' lang='lat' dir='ltr'>I).</span> <span class='ocrx_word' id='word_1_23' title='bbox 911 741 944 792; x_wconf 83' lang='lat' dir='ltr'>de</span> <span class='ocrx_word' id='word_1_24' title='bbox 962 755 1031 807; x_wconf 81' lang='lat' dir='ltr'>aqua</span> <span class='ocrx_word' id='word_1_25' title='bbox 1048 745 1089 802; x_wconf 85' lang='grc'>39,</span> <span class='ocrx_word' id='word_1_26' title='bbox 1108 745 1133 792; x_wconf 88' lang='grc'>3.</span> 
     </span>
     <span class='ocr_line' id='line_1_6' title="bbox 345 823 1116 895; baseline -0.005 -13"><span class='ocrx_word' id='word_1_27' title='bbox 345 827 467 882; x_wconf 83' lang='lat' dir='ltr'>Videtur</span> <span class='ocrx_word' id='word_1_28' title='bbox 484 841 543 880; x_wconf 89' lang='lat' dir='ltr'>rem</span> <span class='ocrx_word' id='word_1_29' title='bbox 562 825 694 889; x_wconf 87' lang='lat' dir='ltr'>alienare,</span> <span class='ocrx_word' id='word_1_30' title='bbox 712 825 761 894; x_wconf 88' lang='lat' dir='ltr'>qui</span> <span class='ocrx_word' id='word_1_31' title='bbox 779 841 843 880; x_wconf 89' lang='lat' dir='ltr'>eam</span> <span class='ocrx_word' id='word_1_32' title='bbox 859 825 969 895; x_wconf 86' lang='lat' dir='ltr'>potitur</span> <span class='ocrx_word' id='word_1_33' title='bbox 988 823 1116 894; x_wconf 89' lang='lat' dir='ltr'>usucapi.</span> 
     </span>
     <span class='ocr_line' id='line_1_7' title="bbox 525 910 1132 979; baseline -0.003 -15"><span class='ocrx_word' id='word_1_34' title='bbox 525 911 660 964; x_wconf 70' lang='lat' dir='ltr'>Paucos:</span> <span class='ocrx_word' id='word_1_35' title='bbox 679 913 696 964; x_wconf 88' lang='lat'>1.</span> <span class='ocrx_word' id='word_1_36' title='bbox 715 917 808 979; x_wconf 71' lang='lat' dir='ltr'>sspr.</span> <span class='ocrx_word' id='word_1_37' title='bbox 827 911 860 964; x_wconf 77' lang='lat'>1).</span> <span class='ocrx_word' id='word_1_38' title='bbox 880 913 913 964; x_wconf 82' lang='lat' dir='ltr'>de</span> <span class='ocrx_word' id='word_1_39' title='bbox 935 910 963 964; x_wconf 84' lang='lat' dir='ltr'>V.</span> <span class='ocrx_word' id='word_1_40' title='bbox 984 910 1011 964; x_wconf 90' lang='lat' dir='ltr'>S.</span> <span class='ocrx_word' id='word_1_41' title='bbox 1030 917 1071 973; x_wconf 81' lang='lat'>50,</span> <span class='ocrx_word' id='word_1_42' title='bbox 1092 915 1132 964; x_wconf 90' lang='lat'>16.</span> 
     </span>
     <span class='ocr_line' id='line_1_8' title="bbox 346 993 1176 1065; baseline -0.004 -14"><span class='ocrx_word' id='word_1_43' title='bbox 346 996 535 1052; x_wconf 78' lang='lat' dir='ltr'>Alienationis</span> <span class='ocrx_word' id='word_1_44' title='bbox 558 997 676 1050; x_wconf 89' lang='lat' dir='ltr'>verbum</span> <span class='ocrx_word' id='word_1_45' title='bbox 699 996 786 1051; x_wconf 85' lang='lat' dir='ltr'>etiam</span> <span class='ocrx_word' id='word_1_46' title='bbox 808 996 1014 1065; x_wconf 76' lang='lat' dir='ltr'>usucapionem</span> <span class='ocrx_word' id='word_1_47' title='bbox 1032 993 1176 1050; x_wconf 80' lang='lat' dir='ltr'>continet.</span> 
     </span>
     <span class='ocr_line' id='line_1_9' title="bbox 541 1081 1133 1151; baseline -0.003 -15"><span class='ocrx_word' id='word_1_48' title='bbox 541 1081 677 1136; x_wconf 70' lang='lat' dir='ltr'>Pennus:</span> <span class='ocrx_word' id='word_1_49' title='bbox 695 1084 714 1136; x_wconf 86' lang='lat'>1.</span> <span class='ocrx_word' id='word_1_50' title='bbox 732 1089 747 1138; x_wconf 83' lang='lat'><em>8</em></span> <span class='ocrx_word' id='word_1_51' title='bbox 761 1099 808 1151; x_wconf 81' lang='lat' dir='ltr'>pr.</span> <span class='ocrx_word' id='word_1_52' title='bbox 827 1083 861 1136; x_wconf 82' lang='grc'><strong>1).</strong></span> <span class='ocrx_word' id='word_1_53' title='bbox 879 1084 912 1136; x_wconf 81' lang='lat' dir='ltr'>dc</span> <span class='ocrx_word' id='word_1_54' title='bbox 937 1082 963 1135; x_wconf 84' lang='lat' dir='ltr'>V.</span> <span class='ocrx_word' id='word_1_55' title='bbox 983 1081 1011 1136; x_wconf 85' lang='lat' dir='ltr'>S.</span> <span class='ocrx_word' id='word_1_56' title='bbox 1031 1087 1072 1144; x_wconf 83' lang='lat'>50,</span> <span class='ocrx_word' id='word_1_57' title='bbox 1092 1087 1133 1135; x_wconf 88' lang='lat'>16.</span> 
     </span>
     <span class='ocr_line' id='line_1_10' title="bbox 348 1166 1034 1238; baseline -0.003 -16"><span class='ocrx_word' id='word_1_58' title='bbox 348 1169 440 1238; x_wconf 78' lang='lat' dir='ltr'>Agere</span> <span class='ocrx_word' id='word_1_59' title='bbox 458 1185 515 1222; x_wconf 87' lang='lat' dir='ltr'>nou</span> <span class='ocrx_word' id='word_1_60' title='bbox 533 1166 640 1222; x_wconf 81' lang='lat' dir='ltr'>vadenti</span> <span class='ocrx_word' id='word_1_61' title='bbox 657 1184 715 1221; x_wconf 89' lang='lat' dir='ltr'>non</span> <span class='ocrx_word' id='word_1_62' title='bbox 733 1167 821 1222; x_wconf 85' lang='lat' dir='ltr'>currit</span> <span class='ocrx_word' id='word_1_63' title='bbox 836 1166 1034 1237; x_wconf 74' lang='lat' dir='ltr'>praescriptio.</span> 
     </span>
     <span class='ocr_line' id='line_1_11' title="bbox 348 1252 1171 1324; baseline -0.004 -17"><span class='ocrx_word' id='word_1_64' title='bbox 348 1254 544 1324; x_wconf 84' lang='lat' dir='ltr'>Incorporales</span> <span class='ocrx_word' id='word_1_65' title='bbox 567 1270 613 1307; x_wconf 86' lang='lat' dir='ltr'>res</span> <span class='ocrx_word' id='word_1_66' title='bbox 635 1252 819 1308; x_wconf 72' lang='lat' dir='ltr'>traditionem</span> <span class='ocrx_word' id='word_1_67' title='bbox 836 1257 866 1308; x_wconf 90' lang='lat' dir='ltr'>et</span> <span class='ocrx_word' id='word_1_68' title='bbox 888 1252 1093 1322; x_wconf 77' lang='lat' dir='ltr'>usucapionem</span> <span class='ocrx_word' id='word_1_69' title='bbox 1109 1268 1171 1305; x_wconf 88' lang='lat' dir='ltr'>non</span> 
     </span>
     <span class='ocr_line' id='line_1_12' title="bbox 297 1338 1177 1409; baseline -0.001 -16"><span class='ocrx_word' id='word_1_70' title='bbox 297 1340 445 1409; x_wconf 89' lang='lat' dir='ltr'>recipiunt.</span> <span class='ocrx_word' id='word_1_71' title='bbox 473 1338 579 1393; x_wconf 79' lang='lat' dir='ltr'>GAIUS:</span> <span class='ocrx_word' id='word_1_72' title='bbox 599 1341 615 1391; x_wconf 87' lang='lat'>1.</span> <span class='ocrx_word' id='word_1_73' title='bbox 634 1346 666 1393; x_wconf 83' lang='lat'>43</span> <span class='ocrx_word' id='word_1_74' title='bbox 686 1340 703 1408; x_wconf 63' lang='grc' dir='ltr'>ἓ</span> <span class='ocrx_word' id='word_1_75' title='bbox 724 1347 734 1393; x_wconf 95' lang='grc'><strong>1</strong></span> <span class='ocrx_word' id='word_1_76' title='bbox 755 1340 788 1392; x_wconf 84' lang='grc' dir='ltr'>Ι).</span> <span class='ocrx_word' id='word_1_77' title='bbox 808 1341 841 1392; x_wconf 85' lang='lat' dir='ltr'>de</span> <span class='ocrx_word' id='word_1_78' title='bbox 853 1355 926 1407; x_wconf 80' lang='lat' dir='ltr'>aequ.</span> <span class='ocrx_word' id='word_1_79' title='bbox 939 1355 995 1393; x_wconf 84' lang='lat' dir='ltr'>rer.</span> <span class='ocrx_word' id='word_1_80' title='bbox 1008 1341 1075 1395; x_wconf 84' lang='lat' dir='ltr'>dom.</span> <span class='ocrx_word' id='word_1_81' title='bbox 1088 1345 1130 1400; x_wconf 83' lang='lat'>41,</span> <span class='ocrx_word' id='word_1_82' title='bbox 1146 1346 1177 1392; x_wconf 78' lang='lat'>1.</span> 
     </span>
     <span class='ocr_line' id='line_1_13' title="bbox 349 1422 1171 1494; baseline -0.001 -16"><span class='ocrx_word' id='word_1_83' title='bbox 349 1424 431 1490; x_wconf 83' lang='lat' dir='ltr'>Quod</span> <span class='ocrx_word' id='word_1_84' title='bbox 457 1425 486 1480; x_wconf 88' lang='lat' dir='ltr'>vi</span> <span class='ocrx_word' id='word_1_85' title='bbox 511 1439 673 1494; x_wconf 89' lang='lat' dir='ltr'>possessum</span> <span class='ocrx_word' id='word_1_86' title='bbox 698 1428 847 1493; x_wconf 77' lang='lat' dir='ltr'>ruptumve</span> <span class='ocrx_word' id='word_1_87' title='bbox 876 1424 925 1488; x_wconf 84' lang='lat' dir='ltr'>sit,</span> <span class='ocrx_word' id='word_1_88' title='bbox 956 1427 1112 1492; x_wconf 86' lang='lat' dir='ltr'>antequam</span> <span class='ocrx_word' id='word_1_89' title='bbox 1138 1422 1171 1477; x_wconf 92' lang='lat' dir='ltr'>in</span> 
     </span>
     <span class='ocr_line' id='line_1_14' title="bbox 298 1507 1172 1580; baseline -0.003 -15"><span class='ocrx_word' id='word_1_90' title='bbox 298 1513 473 1580; x_wconf 82' lang='lat' dir='ltr'>potestatem</span> <span class='ocrx_word' id='word_1_91' title='bbox 496 1509 602 1564; x_wconf 88' lang='lat' dir='ltr'>domini</span> <span class='ocrx_word' id='word_1_92' title='bbox 623 1507 770 1564; x_wconf 86' lang='lat' dir='ltr'>heredisva</span> <span class='ocrx_word' id='word_1_93' title='bbox 795 1508 856 1564; x_wconf 88' lang='lat' dir='ltr'>eius</span> <span class='ocrx_word' id='word_1_94' title='bbox 880 1509 1024 1579; x_wconf 86' lang='lat' dir='ltr'>pervenit,</span> <span class='ocrx_word' id='word_1_95' title='bbox 1047 1508 1172 1578; x_wconf 89' lang='lat' dir='ltr'>usucapi</span> 
     </span>
     <span class='ocr_line' id='line_1_15' title="bbox 296 1595 1105 1663; baseline -0.001 -13"><span class='ocrx_word' id='word_1_96' title='bbox 296 1597 341 1650; x_wconf 84' lang='lat' dir='ltr'>lex</span> <span class='ocrx_word' id='word_1_97' title='bbox 359 1599 446 1650; x_wconf 86' lang='lat' dir='ltr'>vetat.</span> <span class='ocrx_word' id='word_1_98' title='bbox 482 1595 672 1648; x_wconf 64' lang='lat' dir='ltr'>vurmius:</span> <span class='ocrx_word' id='word_1_99' title='bbox 690 1596 708 1648; x_wconf 90' lang='lat'>1.</span> <span class='ocrx_word' id='word_1_100' title='bbox 726 1601 741 1649; x_wconf 99' lang='lat'>6</span> <span class='ocrx_word' id='word_1_101' title='bbox 759 1595 794 1648; x_wconf 89' lang='lat' dir='ltr'>D.</span> <span class='ocrx_word' id='word_1_102' title='bbox 812 1597 840 1647; x_wconf 80' lang='lat' dir='ltr'>ai</span> <span class='ocrx_word' id='word_1_103' title='bbox 855 1596 912 1648; x_wconf 83' lang='lat' dir='ltr'>bon.</span> <span class='ocrx_word' id='word_1_104' title='bbox 930 1600 1001 1663; x_wconf 74' lang='lat' dir='ltr'>rapt.</span> <span class='ocrx_word' id='word_1_105' title='bbox 1019 1603 1061 1658; x_wconf 85' lang='lat'>41,</span> <span class='ocrx_word' id='word_1_106' title='bbox 1080 1601 1105 1649; x_wconf 92' lang='lat'>8.</span> 
     </span>
     <span class='ocr_line' id='line_1_16' title="bbox 350 1678 1178 1749; baseline -0.004 -14"><span class='ocrx_word' id='word_1_107' title='bbox 350 1680 431 1747; x_wconf 80' lang='lat' dir='ltr'>Quod</span> <span class='ocrx_word' id='word_1_108' title='bbox 449 1696 483 1735; x_wconf 88' lang='lat' dir='ltr'>ex</span> <span class='ocrx_word' id='word_1_109' title='bbox 500 1679 648 1749; x_wconf 79' lang='lat' dir='ltr'>naufragio</span> <span class='ocrx_word' id='word_1_110' title='bbox 667 1678 814 1749; x_wconf 84' lang='lat' dir='ltr'>expulsum</span> <span class='ocrx_word' id='word_1_111' title='bbox 833 1682 885 1743; x_wconf 85' lang='lat' dir='ltr'>est,</span> <span class='ocrx_word' id='word_1_112' title='bbox 903 1679 1025 1749; x_wconf 87' lang='lat' dir='ltr'>usucapi</span> <span class='ocrx_word' id='word_1_113' title='bbox 1042 1695 1101 1734; x_wconf 91' lang='lat' dir='ltr'>non</span> <span class='ocrx_word' id='word_1_114' title='bbox 1118 1695 1178 1748; x_wconf 92' lang='lat' dir='ltr'>po·-</span> 
     </span>
     <span class='ocr_line' id='line_1_17' title="bbox 297 1763 1178 1834; baseline -0.003 -13"><span class='ocrx_word' id='word_1_115' title='bbox 297 1770 363 1830; x_wconf 87' lang='lat' dir='ltr'>test,</span> <span class='ocrx_word' id='word_1_116' title='bbox 383 1765 517 1834; x_wconf 90' lang='lat' dir='ltr'>quoniam</span> <span class='ocrx_word' id='word_1_117' title='bbox 535 1781 592 1819; x_wconf 91' lang='lat' dir='ltr'>non</span> <span class='ocrx_word' id='word_1_118' title='bbox 610 1765 701 1818; x_wconf 88' lang='lat' dir='ltr'>estin</span> <span class='ocrx_word' id='word_1_119' title='bbox 719 1765 869 1830; x_wconf 88' lang='lat' dir='ltr'>derelicto,</span> <span class='ocrx_word' id='word_1_120' title='bbox 893 1766 991 1819; x_wconf 83' lang='lat' dir='ltr'>sedin</span> <span class='ocrx_word' id='word_1_121' title='bbox 1010 1763 1178 1833; x_wconf 74' lang='lat' dir='ltr'>deperdito.</span> 
     </span>
     <span class='ocr_line' id='line_1_18' title="bbox 297 1851 1171 1918; baseline -0.003 -13"><span class='ocrx_word' id='word_1_122' title='bbox 297 1853 482 1905; x_wconf 73' lang='lat' dir='ltr'>numurus:</span> <span class='ocrx_word' id='word_1_123' title='bbox 514 1853 531 1903; x_wconf 87' lang='lat'>1.</span> <span class='ocrx_word' id='word_1_124' title='bbox 550 1857 579 1904; x_wconf 79' lang='lat'>21</span> <span class='ocrx_word' id='word_1_125' title='bbox 602 1851 618 1918; x_wconf 68' lang='lat'>5</span> <span class='ocrx_word' id='word_1_126' title='bbox 638 1857 651 1904; x_wconf 91' lang='lat'>1</span> <span class='ocrx_word' id='word_1_127' title='bbox 671 1851 704 1903; x_wconf 84' lang='grc' dir='ltr'>Ι).</span> <span class='ocrx_word' id='word_1_128' title='bbox 723 1853 756 1903; x_wconf 84' lang='lat' dir='ltr'>de</span> <span class='ocrx_word' id='word_1_129' title='bbox 774 1865 847 1917; x_wconf 79' lang='lat' dir='ltr'>aequ.</span> <span class='ocrx_word' id='word_1_130' title='bbox 866 1853 907 1904; x_wconf 83' lang='lat' dir='ltr'>vel</span> <span class='ocrx_word' id='word_1_131' title='bbox 925 1867 973 1904; x_wconf 85' lang='lat' dir='ltr'>am.</span> <span class='ocrx_word' id='word_1_132' title='bbox 987 1865 1062 1918; x_wconf 77' lang='lat' dir='ltr'>porr.</span> <span class='ocrx_word' id='word_1_133' title='bbox 1080 1857 1124 1912; x_wconf 97' lang='lat'>41,</span> <span class='ocrx_word' id='word_1_134' title='bbox 1145 1855 1171 1903; x_wconf 77' lang='lat'>2.</span> 
     </span>
     <span class='ocr_line' id='line_1_19' title="bbox 348 1933 1178 2006; baseline -0.006 -15"><span class='ocrx_word' id='word_1_135' title='bbox 348 1937 412 1991; x_wconf 87' lang='lat' dir='ltr'>Non</span> <span class='ocrx_word' id='word_1_136' title='bbox 441 1939 537 2006; x_wconf 85' lang='lat' dir='ltr'>potest</span> <span class='ocrx_word' id='word_1_137' title='bbox 564 1951 616 2004; x_wconf 88' lang='lat' dir='ltr'>pro</span> <span class='ocrx_word' id='word_1_138' title='bbox 646 1935 782 1989; x_wconf 85' lang='lat' dir='ltr'>derelicto</span> <span class='ocrx_word' id='word_1_139' title='bbox 812 1951 981 2004; x_wconf 85' lang='lat' dir='ltr'>usucapere,</span> <span class='ocrx_word' id='word_1_140' title='bbox 1018 1933 1067 2002; x_wconf 91' lang='lat' dir='ltr'>qui</span> <span class='ocrx_word' id='word_1_141' title='bbox 1095 1933 1178 1986; x_wconf 83' lang='lat' dir='ltr'>falso</span> 
     </span>
     <span class='ocr_line' id='line_1_20' title="bbox 298 2019 1035 2088; baseline -0.004 -12"><span class='ocrx_word' id='word_1_142' title='bbox 298 2021 501 2076; x_wconf 82' lang='lat' dir='ltr'>existimaverit</span> <span class='ocrx_word' id='word_1_143' title='bbox 517 2036 577 2074; x_wconf 85' lang='lat' dir='ltr'>rem</span> <span class='ocrx_word' id='word_1_144' title='bbox 594 2036 645 2088; x_wconf 90' lang='lat' dir='ltr'>pro</span> <span class='ocrx_word' id='word_1_145' title='bbox 666 2019 801 2074; x_wconf 84' lang='lat' dir='ltr'>derelicto</span> <span class='ocrx_word' id='word_1_146' title='bbox 819 2020 948 2075; x_wconf 86' lang='lat' dir='ltr'>habitam</span> <span class='ocrx_word' id='word_1_147' title='bbox 966 2037 1035 2074; x_wconf 88' lang='lat' dir='ltr'>esse.</span> 
     </span>
     <span class='ocr_line' id='line_1_21' title="bbox 533 2106 1131 2172; baseline 0.003 -14"><span class='ocrx_word' id='word_1_148' title='bbox 533 2106 687 2158; x_wconf 71' lang='lat' dir='ltr'>IULIANUS:</span> <span class='ocrx_word' id='word_1_149' title='bbox 706 2107 723 2158; x_wconf 91' lang='lat'>1.</span> <span class='ocrx_word' id='word_1_150' title='bbox 743 2113 758 2159; x_wconf 88' lang='grc'><strong>6</strong></span> <span class='ocrx_word' id='word_1_151' title='bbox 776 2106 810 2159; x_wconf 82' lang='grc' dir='ltr'>Ι).</span> <span class='ocrx_word' id='word_1_152' title='bbox 827 2121 880 2172; x_wconf 83' lang='lat' dir='ltr'>pro</span> <span class='ocrx_word' id='word_1_153' title='bbox 898 2109 1026 2161; x_wconf 78' lang='lat' dir='ltr'>derelicto</span> <span class='ocrx_word' id='word_1_154' title='bbox 1044 2115 1086 2169; x_wconf 82' lang='lat'>41,</span> <span class='ocrx_word' id='word_1_155' title='bbox 1107 2115 1131 2160; x_wconf 88' lang='grc'>7.</span> 
     </span>
     <span class='ocr_line' id='line_1_22' title="bbox 352 2190 1176 2261; baseline -0.002 -15"><span class='ocrx_word' id='word_1_156' title='bbox 352 2191 382 2246; x_wconf 85' lang='lat' dir='ltr'>si</span> <span class='ocrx_word' id='word_1_157' title='bbox 400 2193 452 2245; x_wconf 90' lang='lat' dir='ltr'>sub</span> <span class='ocrx_word' id='word_1_158' title='bbox 472 2190 634 2246; x_wconf 80' lang='lat' dir='ltr'>conditione</span> <span class='ocrx_word' id='word_1_159' title='bbox 658 2190 744 2246; x_wconf 86' lang='lat' dir='ltr'>emtio</span> <span class='ocrx_word' id='word_1_160' title='bbox 767 2190 844 2245; x_wconf 86' lang='lat' dir='ltr'>facta</span> <span class='ocrx_word' id='word_1_161' title='bbox 868 2190 916 2255; x_wconf 89' lang='lat' dir='ltr'>sit,</span> <span class='ocrx_word' id='word_1_162' title='bbox 939 2190 1083 2261; x_wconf 74' lang='lat' dir='ltr'>pendente</span> <span class='ocrx_word' id='word_1_163' title='bbox 1103 2207 1176 2245; x_wconf 80' lang='lat' dir='ltr'>con-</span> 
     </span>
     <span class='ocr_line' id='line_1_23' title="bbox 300 2275 1176 2346; baseline 0 -16"><span class='ocrx_word' id='word_1_164' title='bbox 300 2275 407 2330; x_wconf 86' lang='lat' dir='ltr'>ditione</span> <span class='ocrx_word' id='word_1_165' title='bbox 431 2279 521 2331; x_wconf 91' lang='lat' dir='ltr'>emtor</span> <span class='ocrx_word' id='word_1_166' title='bbox 543 2294 597 2330; x_wconf 87' lang='lat' dir='ltr'>usu</span> <span class='ocrx_word' id='word_1_167' title='bbox 618 2293 676 2330; x_wconf 89' lang='lat' dir='ltr'>non</span> <span class='ocrx_word' id='word_1_168' title='bbox 699 2276 784 2346; x_wconf 88' lang='lat' dir='ltr'>capit.</span> <span class='ocrx_word' id='word_1_169' title='bbox 819 2276 951 2329; x_wconf 72' lang='lat' dir='ltr'>Pincus:</span> <span class='ocrx_word' id='word_1_170' title='bbox 982 2279 1001 2331; x_wconf 88' lang='lat' dir='ltr'>l.</span> <span class='ocrx_word' id='word_1_171' title='bbox 1024 2284 1039 2330; x_wconf 79' lang='grc'><strong>1</strong></span> <span class='ocrx_word' id='word_1_172' title='bbox 1064 2277 1176 2346; x_wconf 59' lang='grc' dir='ltr'>ΗΒ.</span> 
     </span>
     <span class='ocr_line' id='line_1_24' title="bbox 856 2369 1133 2431; baseline 0.004 -16"><span class='ocrx_word' id='word_1_173' title='bbox 856 2378 911 2431; x_wconf 82' lang='lat' dir='ltr'>pro</span> <span class='ocrx_word' id='word_1_174' title='bbox 930 2369 1030 2416; x_wconf 84' lang='lat' dir='ltr'>emtore</span> <span class='ocrx_word' id='word_1_175' title='bbox 1047 2371 1089 2425; x_wconf 93' lang='lat'>41,</span> <span class='ocrx_word' id='word_1_176' title='bbox 1108 2371 1133 2416; x_wconf 89' lang='lat'>4.</span> 
     </span>
     <span class='ocr_line' id='line_1_25' title="bbox 350 2444 1170 2516; baseline 0.004 -17"><span class='ocrx_word' id='word_1_177' title='bbox 350 2444 466 2514; x_wconf 82' lang='lat' dir='ltr'>Pignori</span> <span class='ocrx_word' id='word_1_178' title='bbox 483 2462 544 2500; x_wconf 90' lang='lat' dir='ltr'>rem</span> <span class='ocrx_word' id='word_1_179' title='bbox 562 2449 710 2515; x_wconf 73' lang='lat' dir='ltr'>acceptam</span> <span class='ocrx_word' id='word_1_180' title='bbox 729 2465 782 2500; x_wconf 89' lang='lat' dir='ltr'>usu</span> <span class='ocrx_word' id='word_1_181' title='bbox 800 2464 858 2501; x_wconf 91' lang='lat' dir='ltr'>non</span> <span class='ocrx_word' id='word_1_182' title='bbox 877 2447 1013 2516; x_wconf 88' lang='lat' dir='ltr'>capimus,</span> <span class='ocrx_word' id='word_1_183' title='bbox 1033 2446 1100 2516; x_wconf 86' lang='lat' dir='ltr'>quia</span> <span class='ocrx_word' id='word_1_184' title='bbox 1117 2464 1170 2516; x_wconf 91' lang='lat' dir='ltr'>pro</span> 
     </span>
     <span class='ocr_line' id='line_1_26' title="bbox 300 2529 1175 2601; baseline 0.002 -17"><span class='ocrx_word' id='word_1_185' title='bbox 300 2529 394 2585; x_wconf 89' lang='lat' dir='ltr'>alieno</span> <span class='ocrx_word' id='word_1_186' title='bbox 411 2529 599 2599; x_wconf 82' lang='lat' dir='ltr'>possidemus.</span> <span class='ocrx_word' id='word_1_187' title='bbox 633 2533 767 2585; x_wconf 71' lang='lat' dir='ltr'>Pronus:</span> <span class='ocrx_word' id='word_1_188' title='bbox 787 2535 803 2587; x_wconf 88' lang='lat'>1.</span> <span class='ocrx_word' id='word_1_189' title='bbox 824 2541 855 2586; x_wconf 83' lang='lat'>13</span> <span class='ocrx_word' id='word_1_190' title='bbox 876 2534 908 2586; x_wconf 85' lang='grc'>1).</span> <span class='ocrx_word' id='word_1_191' title='bbox 927 2536 960 2586; x_wconf 85' lang='lat' dir='ltr'>de</span> <span class='ocrx_word' id='word_1_192' title='bbox 977 2549 1069 2601; x_wconf 80' lang='lat' dir='ltr'>usurp.</span> <span class='ocrx_word' id='word_1_193' title='bbox 1088 2541 1131 2596; x_wconf 87' lang='lat'>41,</span> <span class='ocrx_word' id='word_1_194' title='bbox 1145 2539 1175 2587; x_wconf 77' lang='grc'>3.</span> 
     </span>
     <span class='ocr_line' id='line_1_27' title="bbox 353 2614 1054 2687; baseline 0.003 -17"><span class='ocrx_word' id='word_1_195' title='bbox 353 2614 407 2681; x_wconf 80' lang='lat' dir='ltr'>Qui</span> <span class='ocrx_word' id='word_1_196' title='bbox 424 2616 454 2668; x_wconf 90' lang='lat' dir='ltr'>in</span> <span class='ocrx_word' id='word_1_197' title='bbox 473 2615 607 2670; x_wconf 87' lang='lat' dir='ltr'>servitute</span> <span class='ocrx_word' id='word_1_198' title='bbox 626 2621 679 2680; x_wconf 91' lang='lat' dir='ltr'>est,</span> <span class='ocrx_word' id='word_1_199' title='bbox 698 2633 855 2687; x_wconf 87' lang='lat' dir='ltr'>usucapere</span> <span class='ocrx_word' id='word_1_200' title='bbox 873 2634 931 2672; x_wconf 91' lang='lat' dir='ltr'>non</span> <span class='ocrx_word' id='word_1_201' title='bbox 947 2621 1054 2687; x_wconf 85' lang='lat' dir='ltr'>potest.</span> 
     </span>
     <span class='ocr_line' id='line_1_28' title="bbox 542 2701 1134 2768; baseline 0.003 -13"><span class='ocrx_word' id='word_1_202' title='bbox 542 2701 708 2755; x_wconf 75' lang='lat' dir='ltr'>omnum:</span> <span class='ocrx_word' id='word_1_203' title='bbox 728 2705 744 2755; x_wconf 86' lang='lat'>1.</span> <span class='ocrx_word' id='word_1_204' title='bbox 766 2709 813 2758; x_wconf 85' lang='lat' dir='ltr'>ns</span> <span class='ocrx_word' id='word_1_205' title='bbox 833 2703 1073 2768; x_wconf 62' lang='grc'><strong>1111111110,</strong></span> <span class='ocrx_word' id='word_1_206' title='bbox 1094 2712 1134 2757; x_wconf 76' lang='lat'>1⁷.</span> 
     </span>
    </p>
   </div>
   <div class='ocr_carea' id='block_1_3' title="bbox 352 2774 1175 2943">
    <p class='ocr_par' dir='ltr' id='par_1_3' title="bbox 352 2774 1175 2943">
     <span class='ocr_line' id='line_1_29' title="bbox 352 2774 1175 2859; baseline 0.002 -19"><span class='ocrx_word' id='word_1_207' title='bbox 352 2785 417 2840; x_wconf 87' lang='lat' dir='ltr'>Sine</span> <span class='ocrx_word' id='word_1_208' title='bbox 439 2785 619 2855; x_wconf 88' lang='lat' dir='ltr'>possessione</span> <span class='ocrx_word' id='word_1_209' title='bbox 641 2787 778 2857; x_wconf 88' lang='lat' dir='ltr'>usucapio</span> <span class='ocrx_word' id='word_1_210' title='bbox 802 2774 967 2858; x_wconf 84' lang='lat' dir='ltr'>contingere</span> <span class='ocrx_word' id='word_1_211' title='bbox 989 2807 1048 2844; x_wconf 91' lang='lat' dir='ltr'>non</span> <span class='ocrx_word' id='word_1_212' title='bbox 1064 2792 1175 2859; x_wconf 82' lang='lat' dir='ltr'>potest.</span> 
     </span>
     <span class='ocr_line' id='line_1_30' title="bbox 397 2871 1135 2943; baseline 0.005 -19"><span class='ocrx_word' id='word_1_213' title='bbox 397 2871 563 2925; x_wconf 81' lang='lat' dir='ltr'>chmmrus</span> <span class='ocrx_word' id='word_1_214' title='bbox 580 2873 726 2926; x_wconf 69' lang='lat' dir='ltr'>Romus:</span> <span class='ocrx_word' id='word_1_215' title='bbox 751 2876 767 2927; x_wconf 85' lang='lat'>1.</span> <span class='ocrx_word' id='word_1_216' title='bbox 786 2881 819 2930; x_wconf 71' lang='lat'>2³5</span> <span class='ocrx_word' id='word_1_217' title='bbox 838 2877 870 2929; x_wconf 84' lang='grc' dir='ltr'>Ι).</span> <span class='ocrx_word' id='word_1_218' title='bbox 889 2878 921 2928; x_wconf 84' lang='lat' dir='ltr'>de</span> <span class='ocrx_word' id='word_1_219' title='bbox 939 2891 1031 2943; x_wconf 83' lang='lat' dir='ltr'>usurp.</span> <span class='ocrx_word' id='word_1_220' title='bbox 1050 2883 1093 2938; x_wconf 88' lang='lat'>41,</span> <span class='ocrx_word' id='word_1_221' title='bbox 1111 2883 1135 2930; x_wconf 85' lang='grc'>3.</span> 
     </span>
    </p>
   </div>
   <div class='ocr_carea' id='block_1_4' title="bbox 353 2956 1175 3111">
    <p class='ocr_par' dir='ltr' id='par_1_4' title="bbox 353 2956 1175 3111">
     <span class='ocr_line' id='line_1_31' title="bbox 353 2956 1175 3030; baseline 0.001 -18"><span class='ocrx_word' id='word_1_222' title='bbox 353 2956 418 3012; x_wconf 83' lang='lat' dir='ltr'>Sine</span> <span class='ocrx_word' id='word_1_223' title='bbox 436 2957 613 3026; x_wconf 86' lang='lat' dir='ltr'>possessione</span> <span class='ocrx_word' id='word_1_224' title='bbox 631 2959 816 3030; x_wconf 84' lang='lat' dir='ltr'>praescriptio</span> <span class='ocrx_word' id='word_1_225' title='bbox 834 2977 891 3014; x_wconf 91' lang='lat' dir='ltr'>non</span> <span class='ocrx_word' id='word_1_226' title='bbox 908 2961 1048 3030; x_wconf 84' lang='lat' dir='ltr'>procedit.</span> <span class='ocrx_word' id='word_1_227' title='bbox 1075 2977 1097 3015; x_wconf 85' lang='lat' dir='ltr'>c.</span> <span class='ocrx_word' id='word_1_228' title='bbox 1110 2967 1125 3015; x_wconf 99' lang='lat'>6</span> <span class='ocrx_word' id='word_1_229' title='bbox 1138 2962 1175 3013; x_wconf 81' lang='lat' dir='ltr'>de</span> 
     </span>
     <span class='ocr_line' id='line_1_32' title="bbox 845 3047 1135 3111; baseline -0.003 -11"><span class='ocrx_word' id='word_1_230' title='bbox 845 3047 878 3103; x_wconf 80' lang='lat' dir='ltr'>R.</span> <span class='ocrx_word' id='word_1_231' title='bbox 897 3047 922 3102; x_wconf 84' lang='lat' dir='ltr'>J.</span> <span class='ocrx_word' id='word_1_232' title='bbox 943 3049 970 3099; x_wconf 76' lang='lat' dir='ltr'>in</span> <span class='ocrx_word' id='word_1_233' title='bbox 989 3053 1031 3102; x_wconf 77' lang='lat'>610</span> <span class='ocrx_word' id='word_1_234' title='bbox 1050 3053 1074 3111; x_wconf 82' lang='lat'>5,</span> <span class='ocrx_word' id='word_1_235' title='bbox 1095 3053 1135 3101; x_wconf 78' lang='lat'>12.</span> 
     </span>
    </p>
   </div>
   <div class='ocr_carea' id='block_1_5' title="bbox 0 0 1345 3560">
    <p class='ocr_par' dir='ltr' id='par_1_5' title="bbox 0 0 1345 3560">
     <span class='ocr_line' id='line_1_33' title="bbox 0 0 1345 3560; baseline 0 0"><span class='ocrx_word' id='word_1_236' title='bbox 0 0 1345 3560; x_wconf 95' lang='lat' dir='ltr'> </span> 
     </span>
    </p>
   </div>
  </div>
 </body>
</html>
