2666 3560
587 333 648 396 143

182 497 265 562 fecit,
290 499 341 553 sed
364 498 451 552 etiam
475 499 554 553 cuius
573 516 606 553 ex
624 502 796 554 testamento
814 500 956 555 hereditas
976 499 1054 554 edite

182 602 240 639 non
258 587 309 639 est.
345 585 484 638 Pennus:
503 587 521 638 l.
541 587 624 644 04]).
643 588 675 639 de
698 586 724 639 V.
745 586 772 640 S.
791 593 832 649 50,
853 595 891 640 16.

417 779 537 836 Testis.
570 779 824 836 Testimonium.

235 909 438 964 Testimonium
468 910 503 963 ab
534 908 577 963 his
613 907 765 978 praecipue
802 909 970 978 exigendum
1000 911 1052 976 est,

182 1012 301 1063 quorum
319 995 388 1050 fides
406 1011 464 1048 non
481 995 605 1050 vacillat.
636 993 650 1022 ⁴*
669 994 1053 1062 Anclnuszt.1pr.n.re
1156 1067 1157 1070 Ἰ

414 1105 417 1110 ι
806 1069 916 1134 testibus
935 1088 975 1144 22,
994 1089 1017 1135 5.

234 1165 362 1220 Testium
379 1165 449 1220 fides
469 1165 620 1234 diligenter
638 1165 827 1220 examinanda
845 1169 897 1220 est.

314 1250 553 1304 clrrrsrrurus:
573 1253 589 1304 l.
609 1258 623 1305 0
637 1267 684 1318 pr.
703 1252 737 1307 D.
756 1253 788 1303 de
806 1253 915 1304 testibus
927 1259 975 1315 122,
994 1259 1017 1306 5.

234 1335 326 1390 Testis
345 1336 375 1389 in
392 1353 448 1389 uno
467 1335 554 1390 salsus
572 1336 602 1390 in
618 1336 697 1390 nullo
716 1336 800 1389 fidem
818 1339 948 1390 meretur.

233 1421 332 1476 Idonei
350 1439 408 1475 non
425 1420 557 1475 videntur
581 1439 641 1476 esse
665 1425 765 1485 testes,
793 1422 894 1490 quibus
920 1422 1053 1492 imperari

182 1509 287 1578 potest,
305 1511 337 1562 ut
354 1509 443 1562 testes
462 1506 538 1562 fient.
574 1509 707 1561 Llcuuus
725 1507 870 1564 nunnus:
899 1511 916 1562 l.
936 1515 950 1562 6
970 1509 1002 1562 I).
1020 1511 1053 1561 de

805 1591 972 1657 1011110122,
992 1603 1015 1648 5.

233 1677 332 1732 Nullus
351 1678 469 1733 idoneus
489 1679 570 1733 testis
588 1678 619 1732 in
636 1695 666 1732 re
686 1697 737 1734 sue
754 1678 930 1750 intelligitur.

407 1764 592 1817 Ponionrus:
611 1767 629 1817 l.
650 1773 681 1821 10
700 1766 733 1818 1).
752 1768 784 1819 de
803 1762 912 1818 restitus
932 1772 972 1827 22,
993 1772 1015 1818 5.

233 1849 369 1903 Omnibus
379 1849 409 1902 in
423 1867 452 1904 re
465 1850 579 1919 propria
592 1849 704 1905 dicendi
716 1849 872 1906 testimonii
883 1849 1049 1904 facultatem

180 1934 242 1988 iure
260 1935 468 1989 submoverunt.
489 1937 517 1990 L.
539 1943 569 1990 10
592 1937 617 1992 C.
635 1939 668 1989 de
685 1937 793 1989 testibus
810 1945 835 1999 4,
855 1943 895 1990 20.

232 2018 349 2073 Verium
376 2023 404 2074 et
430 2020 567 2074 mutabile
594 2021 787 2076 testimonium
816 2038 926 2090 semper
946 2019 1051 2074 femina

180 2105 319 2174 producit.
356 2121 379 2163 c,
399 2113 429 2160 10
447 2106 479 2157 X
493 2109 526 2159 de
549 2107 578 2163 V.
597 2107 623 2160 S.
642 2111 666 2169 5,
684 2113 725 2160 40.

232 2190 338 2244 Contra
361 2191 496 2260 scripturn
518 2192 711 2246 testimonium
734 2210 791 2246 non
813 2191 948 2261 scripturn
971 2190 1049 2246 testi·

180 2276 306 2330 monium
324 2293 382 2329 non
399 2275 494 2330 fertur.
531 2277 560 2330 L.
582 2287 594 2330 1
618 2279 645 2336 C,
663 2281 695 2331 de
714 2275 823 2332 testibus
841 2285 865 2341 4,
885 2285 924 2332 20.

231 2361 286 2414 Ubi
312 2378 445 2415 numerus
473 2361 589 2416 testium
618 2380 676 2416 non
706 2362 849 2426 adiicitur,
880 2363 967 2417 etiem
994 2364 1049 2416 duo

183 2445 335 2500 sufficiunt:
354 2446 472 2516 pluralis
492 2447 567 2500 enirn
580 2448 701 2502 elocutio
721 2448 839 2502 duorum
856 2465 972 2502 numero
986 2465 1049 2502 eon-

182 2533 264 2584 101110
282 2535 332 2584 est.
367 2531 533 2584 uisurus:
552 2535 570 2586 l.
592 2541 621 2587 12
640 2535 674 2586 D.
693 2537 725 2587 de
743 2535 851 2587 testibus
870 2541 910 2598 22,
929 2542 952 2588 5.

235 2613 327 2668 Testis
344 2633 404 2670 non·
421 2621 465 2672 est
481 2617 617 2672 indicere.

236 2698 334 2753 Testes
370 2705 399 2756 et
435 2702 605 2758 documenta
640 2721 692 2773 per
730 2704 946 2773 productionem
981 2703 1050 2758 fiunt

184 2784 349 2839 communie.

233 2870 266 2922 ln
285 2871 359 2924 omni
382 2874 542 2937 voluntate,
570 2877 689 2943 excepto
712 2877 897 2937 testamentO,
925 2874 1049 2942 quinque

181 2959 270 3010 testes
290 2955 394 3012 debent
411 2959 547 3014 adhiberi.
578 2961 607 3014 l.
627 2967 642 3014 8
663 2961 679 3028 ἕ
698 2969 713 3015 3
736 2963 762 3015 C.
781 2963 813 3014 de
831 2963 912 3013 codic.
932 2968 955 3023 6,
975 2967 1014 3012 30.

233 3041 287 3106 Qui
310 3044 481 3100 testamento
504 3045 586 3100 heres
604 3045 774 3110 instituitur,
794 3046 823 3100 in
842 3045 943 3100 eodem
961 3049 1049 3099 testa·
