2666 3560
677 246 739 309 110

271 435 324 488 per
343 433 373 470 se
392 414 486 471 animo
505 417 555 469 eut
571 431 622 483 per
640 431 671 467 se
697 429 821 482 corpore.
856 411 989 464 PAULUS:
1018 409 1036 460 l.
1055 413 1070 460 3
1090 405 1107 473 ἓ
1129 409 1142 456 1

584 501 616 554 D.
636 502 668 552 de
687 501 785 565 acquir.
805 499 846 551 uel
862 513 912 548 om.
929 509 1000 562 poss.
1020 499 1063 554 41,
1083 497 1108 543 2.

324 587 410 642 Nulla
419 584 562 656 possessio
574 583 682 653 acquiri
694 585 749 637 nisi
762 583 855 637 animo
869 584 898 636 et
910 594 1027 648 corpore
1036 577 1146 646 potest.

271 675 409 728 Pronus:
428 675 446 728 l.
466 679 513 726 153
532 673 565 727 I).
584 674 616 724 de
634 673 667 725 R.
686 671 710 725 J.
729 677 770 732 50,
792 677 830 723 17.
849 668 873 722 d
892 669 908 719 l.
921 673 937 720 8
950 666 983 718 D.
997 666 1030 716 de
1041 664 1147 729 acquir.

471 783 474 789 ·
806 757 847 808 vel
863 770 913 808 am.
928 767 1004 820 poss.
1022 757 1064 812 41,
1084 755 1109 802 2.

324 843 473 900 Possessio
491 843 546 897 nisi
563 841 731 897 naturaliter
749 839 954 910 comprehensa
972 836 1010 890 ad
1021 851 1074 888 nos
1086 850 1147 887 non

273 931 407 1002 pertinet
443 930 626 982 Invonnnus:
653 930 670 982 1.
694 935 726 982 23
745 943 789 993 pr.
808 927 841 979 D.
860 927 893 977 de
916 921 1147 990 aequimodam.

930 1022 1006 1076 poss.
1024 1014 1067 1069 41,
1087 1012 1111 1058 2.

328 1101 474 1170 ignoranti
492 1099 634 1169 possessio
652 1116 710 1153 non
729 1097 891 1165 aequiritur.

324 1185 470 1250 Possidet,
494 1185 573 1239 ouius
592 1183 704 1239 nomine
720 1183 892 1253 possidetur.
928 1181 1058 1234 Guneus:
1077 1178 1094 1230 l.
1116 1181 1150 1230 18

521 1285 567 1337 pr.
587 1271 619 1323 D.
638 1272 671 1323 de
688 1272 788 1335 acorrir.
808 1270 849 1321 vel
867 1283 917 1320 am.
932 1281 1007 1332 poss.
1026 1271 1069 1326 41,
1088 1269 1112 1315 2.

325 1357 384 1419 ille,
402 1373 454 1425 per
471 1371 556 1423 quem
568 1355 696 1408 volumus
714 1353 867 1423 possidere,
885 1351 952 1406 talis
972 1366 1035 1405 esse
1053 1348 1152 1411 debet,

275 1445 309 1496 ut
324 1441 431 1500 habeat
453 1441 629 1494 intellectum
650 1438 823 1508 possidendi.
858 1437 995 1490 PAULUS:
1024 1437 1040 1487 l.
1062 1443 1074 1487 1
1096 1434 1113 1502 ξ
1133 1439 1151 1487 9

587 1525 620 1577 Ι).
638 1527 672 1577 de
688 1527 787 1591 acquir.
806 1525 848 1595 rel
865 1539 914 1574 om.
929 1537 1006 1588 poss.
1025 1527 1068 1582 41,
1088 1526 1114 1572 2.

326 1610 428 1665 Nullus
448 1627 546 1664 sensus
566 1612 610 1662 est
626 1609 741 1663 infantis
755 1607 915 1678 aecipiendi
927 1605 1153 1680 possessionem.

255 1696 413 1749 'Pnunusz
432 1697 450 1748 l.
469 1703 500 1750 32
520 1695 536 1762 ἓ
556 1702 570 1747 2
590 1695 623 1747 I).
641 1698 674 1747 de
686 1697 789 1762 acquir.
809 1696 850 1746 uel
869 1709 918 1746 am.
932 1707 1008 1760 pose.
1026 1698 1069 1752 41,
1088 1697 1114 1743 2.

199 1803 203 1812 ·
301 1813 303 1817 ·
330 1781 366 1843 is,
386 1779 434 1847 qui
450 1778 578 1848 precario
595 1778 690 1844 habet,
709 1779 795 1833 etium
813 1778 950 1848 possidet.
980 1776 1155 1830 ULPmNUS:

623 1866 640 1918 1.
658 1873 675 1917 4
693 1866 710 1932 ξ
731 1873 742 1918 1
763 1865 797 1922 Ι).
817 1867 850 1918 de
862 1866 994 1932 precario
1012 1870 1055 1924 43,
1075 1867 1118 1915 26.

331 1950 404 2004 Usus
424 1952 468 2003 est
484 1965 535 2018 pro
553 1949 741 2018 possessione.

170 2021 172 2025 ⁵
238 2059 239 2062 ¹
331 2034 505 2089 Naturaliter
522 2034 633 2088 videtur
649 2034 795 2103 possidere
812 2033 850 2096 is,
874 2032 924 2101 qui
941 2031 1157 2086 usumfructum

280 2109 387 2174 habet(
396 2119 560 2173 ULPLANUS:
572 2121 588 2170 Ι,
601 2126 630 2172 12
636 2135 682 2186 pr.
693 2120 725 2172 D.
731 2121 764 2172 de
774 2121 873 2185 acquir.
884 2120 926 2171 uel
934 2134 983 2170 om.
989 2133 1066 2184 poss.
1076 2123 1119 2179 41,
1130 2121 1156 2168 2.

291 2265 292 2269 ἵ
331 2203 478 2256 Possessio
490 2202 614 2256 defuncti
623 2201 1158 2271 quusiiunotudeseenditudheredem.
1227 2235 1230 2241 -

383 2289 515 2340 PAULUS:
539 2289 555 2340 1.
574 2295 607 2342 10
620 2305 665 2355 pr.
685 2288 717 2341 D.
735 2305 773 2341 ex
790 2290 857 2355 quib.
876 2306 948 2344 caus.
967 2292 1030 2355 maj.
1049 2296 1075 2351 4,
1095 2293 1119 2340 6.

333 2373 546 2427 Possessionem
563 2373 705 2438 heredites
723 2373 889 2430 nonhabet.
916 2375 1088 2427 UnPIANUS:
1108 2375 1155 2428 1.1

617 2461 633 2526 ᾖ
655 2467 685 2514 15
705 2461 737 2513 Ι).
755 2463 781 2511 si
796 2462 828 2520 is,
846 2463 893 2527 qui
909 2467 1013 2514 testam.
1032 2469 1076 2524 47,
1095 2469 1121 2513 4.

333 2543 389 2596 Pro
406 2558 571 2611 possessore
588 2543 720 2621 habetur,
744 2543 794 2612 qui
812 2544 878 2599 dolo
898 2545 984 2600 desiit
995 2545 1157 2616 possidere.

682 2646 704 2685 c.
723 2637 755 2684 36
774 2631 806 2682 de
824 2631 859 2683 R.
878 2631 902 2683 J.
922 2633 950 2682 in
969 2638 1013 2686 640
1032 2637 1057 2694 5,
1078 2638 1121 2684 12.

337 2711 453 2780 Semper
470 2712 518 2779 qui
536 2713 600 2767 dolo
617 2713 697 2776 feeit,
720 2713 871 2780 quominus
889 2715 1025 2780 haberet,
1047 2733 1102 2786 pro
1122 2731 1159 2770 eo
1256 2744 1262 2750 -

283 2795 417 2859 habetur,
441 2811 474 2849 ao
493 2795 516 2849 si
533 2796 657 2851 haberet.
692 2797 858 2851 ULPIANUS:
887 2800 973 2854 4157
994 2801 1011 2868 ξ
1032 2809 1044 2854 1
1067 2801 1101 2853 1).
1125 2802 1161 2853 de

918 2885 952 2938 Β.
971 2885 997 2942 J.
1017 2891 1060 2949 oo,
1082 2883 1123 2938 17.

299 3017 301 3023 ,
336 2963 424 3018 Dolus
442 2982 493 3034 pro
511 2966 690 3034 possessione
709 2970 760 3022 est.
