2666 3560
583 323 623 388 93

221 493 386 548 Mandatum
413 492 532 546 solvitur
557 494 655 545 morte.
691 490 825 544 Psuuus:
852 493 869 544 l.
892 497 923 546 26
938 502 984 559 p'r.
1004 492 1037 544 D.

781 579 900 630 mandati
920 585 959 640 17,
980 584 1002 631 1.
1060 594 1063 604 ·

221 666 348 720 Mortuus
366 665 439 719 velle
459 663 551 718 desiit.

222 751 276 817 Qui
293 751 397 805 mortui
414 753 579 811 nascuntur,
598 765 690 816 neque
708 748 769 804 nati
787 761 878 818 neque
896 748 1038 818 procreati

167 823 309 899 videntur,
328 823 394 904 (iuis
412 851 555 902 nunquam
573 833 656 890 liberi
674 834 813 904 appellari
830 837 991 904 potuerunt.

199 909 200 912 ’
441 921 575 972 Psuuus:
594 921 611 972 1.
632 921 732 974 1291).
753 923 785 973 de
809 921 836 973 V.
856 920 883 974 S.
902 928 942 983 50,
963 927 1002 975 16.

221 999 538 1062 commorientium'non
548 1005 660 1059 videtur
669 1006 741 1059 alter
750 1006 831 1060 alteri
842 1005 1037 1075 supervixisse.

322 1093 512 1146 Msuumuus:
531 1093 548 1145 l.
569 1098 599 1145 18
614 1105 660 1159 pr.
679 1093 713 1145 J).
725 1095 758 1146 de
776 1093 830 1144 reb.
843 1092 901 1148 dub,
920 1099 961 1156 34,
980 1098 1003 1147 5.

519 1288 687 1343 Mutuum.

221 1433 372 1502 Appellutu
390 1436 434 1486 est
444 1432 536 1486 mutui
547 1432 625 1486 datio
638 1431 673 1485 ab
687 1449 730 1496 eo,
749 1432 824 1500 quod
838 1448 871 1486 ex
883 1449 946 1486 meo
958 1435 1038 1486 tuum

166 1520 209 1582 fit,
227 1522 257 1573 et
273 1518 347 1582 ideo,
366 1519 391 1571 si
408 1535 465 1572 non
482 1517 532 1571 fiat
548 1521 638 1580 tuum,
656 1533 714 1572 non
731 1518 857 1572 nuscitur
875 1518 1021 1588 obligatio.

358 1603 494 1658 PAULUS:
513 1605 530 1657 I.
550 1611 565 1657 2
584 1605 601 1672 ξ
622 1611 636 1657 2
655 1604 688 1656 D.
707 1606 739 1656 de
757 1605 811 1657 reb.
830 1606 901 1657 cred.
922 1612 961 1667 12,
984 1616 1004 1657 1.

221 1690 313 1744 Mutui
331 1690 408 1744 datio
427 1688 559 1743 consistit
577 1689 607 1742 iu
624 1688 669 1742 his
688 1689 784 1752 rebus,
803 1705 881 1757 ,quae
903 1691 1038 1759 pondere,

165 1791 295 1838 numero,
313 1789 445 1830 mensura
463 1775 638 1836 consistunt„
657 1776 790 1828 PAULUS:
814 1778 831 1829 I.
851 1783 865 1829 2
884 1777 901 1844 ξ
923 1784 934 1830 1
954 1777 988 1830 1).
1007 1779 1039 1830 de

758 1863 813 1916 reb.
830 1865 903 1917 cred.
922 1870 961 1924 12,
983 1871 1003 1915 1.

220 1946 254 2000 In
272 1949 370 2002 mutuo
388 1946 418 2000 id
436 1946 484 2016 agi
500 1947 678 2017 intelligitur,
696 1952 728 2002 ut
745 1948 872 2002 eiusdem
883 1947 996 2017 generis
1009 1951 1039 2002 et

166 2032 270 2087 eadem
287 2032 416 2086 bonitate
436 2032 568 2096 soluatur,
587 2050 643 2101 qua
661 2033 759 2087 datum
777 2033 823 2088 sit.
851 2033 1037 2086 Poupomus:

583 2120 599 2170 l.
620 2125 633 2174 3
653 2119 686 2171 Ι).
705 2121 737 2172 de
755 2120 809 2175 reb.
829 2121 900 2176 cred.
921 2126 959 2183 12,
981 2128 1002 2173 1.

496 2313 711 2369 nasciturus.

221 2438 274 2514 Qui
291 2439 321 2495 in
338 2443 422 2497 utero¹
438 2444 512 2504 sunt,
530 2443 560 2495 in
577 2445 638 2496 toto
656 2459 748 2511 paene
767 2443 827 2499 iure
847 2445 923 2499 civili
934 2447 1035 2502 iutelli-

82 2561 84 2570 ,
167 2528 273 2593 guntur
294 2525 325 2578 in
346 2541 440 2580 rerum
457 2530 557 2581 natura
576 2543 647 2581 esse.
682 2529 840 2582 luimus:
864 2532 1036 2586 12611112

239 2673 241 2676 Ι
320 2667 321 2672 1
760 2617 914 2670 statutum.
936 2629 957 2680 1,
976 2626 1000 2672 5.

218 2696 329 2760 Partus,
342 2697 410 2750 dum
421 2698 451 2750 in
463 2701 560 2754 ventre
572 2703 709 2768 portatur,
728 2701 812 2756 homo
825 2702 886 2756 fieri
899 2706 1034 2772 speratur.
1100 2706 1102 2711 '

505 2785 534 2838 ι.
554 2791 585 2839 24
608 2786 634 2841 C.
652 2787 685 2840 de
700 2788 854 2854 fideicomm.
871 2790 915 2845 Iit.
935 2796 957 2851 1,
976 2798 1000 2841 4.

218 2867 423 2938 Intelligendus
452 2872 495 2922 est
521 2869 619 2924 mortis
646 2873 774 2940 tempore
800 2872 901 2936 fuisse,
929 2874 978 2940 qui
1004 2875 1035 2928 in
1140 2877 1142 2881 ’

166 2955 246 3006 utero
266 2953 380 3008 relictus
400 2957 450 3009 est.
482 2954 656 3008 uiuimus
676 2956 831 3012 Cuuuuus:
850 2961 930 3013 1153
949 2960 983 3013 D.
1002 2963 1035 3014 de

805 3047 833 3102 V.
852 3044 877 3102 S.
898 3051 938 3106 50,
960 3053 999 3101 16.
