2666 3560
570 319 630 384 113

213 483 255 538 Ex
273 503 307 541 eo
326 485 521 556 stipulatione,
541 504 614 556 quoe
632 504 684 558 per
702 487 759 542 vim
777 492 886 544 extorto
904 493 988 553 esset,
1008 490 1032 543 si

160 575 263 626 exacto
281 576 357 626 esset
374 573 503 642 pecunia,
522 573 722 643 repetitionem
741 590 802 628 esse
822 578 940 630 constet.

263 657 453 714 POMPONIUS:
471 661 488 712 1.
502 668 515 713 7
529 659 564 714 1).
577 662 609 713 dc
621 661 730 713 condiet.
742 661 772 713 ob
784 666 854 728 turp.
867 676 939 714 eous.
954 668 993 723 12,
1008 668 1031 716 5.

214 741 296 808 Quod
318 742 476 800 indebitum
497 761 549 814 per
571 761 694 799 errorem
717 745 846 810 solvitur,
870 749 918 800 cut
935 746 1030 816 ipsum

158 830 213 881 aut
229 827 399 884 tantundem
415 831 561 900 repetitur.
595 831 780 885 POMPONIUS:
800 834 817 886 1.
838 840 851 886 2
871 833 903 885 1).
922 835 955 885 dc
972 833 1033 885 coiz-

730 919 790 971 dr'ct.
810 919 894 972 indcb.
914 925 953 981 12,
973 925 996 972 6.

213 999 285 1054 Cum
304 1000 367 1068 quis
384 1001 428 1056 ius
446 1001 580 1071 ignorans
597 1001 756 1058 indebitam
772 1003 924 1073 pecuniam
942 1003 1031 1057 solve-

159 1083 208 1148 rit,
225 1091 319 1140 cesset
336 1087 478 1156 repetitio.
514 1089 544 1146 1.
564 1095 594 1142 10
617 1090 642 1142 0.
660 1091 693 1142 de
702 1093 728 1156 j.
748 1093 810 1156 ets.
829 1092 912 1156 iocor.
932 1097 955 1152 1,
975 1095 1015 1142 18.

213 1169 244 1224 Si
263 1170 347 1241 [quis]
367 1172 459 1228 sciens
479 1189 508 1228 ue
527 1191 584 1228 non
602 1174 705 1230 debere
725 1175 821 1237 solvit,
840 1178 934 1230 cesset
951 1191 1030 1244 repe-

157 1255 235 1314 tino.
270 1257 436 1312 ULPIANUS:
455 1261 473 1313 1.
495 1269 505 1314 1
526 1261 544 1328 ἕ
565 1269 577 1314 1
597 1261 630 1314 Ι).
648 1263 681 1314 de
698 1263 808 1314 condiet.
827 1262 911 1316 indeb.
931 1268 970 1324 12,
991 1268 1014 1314 6.

212 1343 270 1398 Ubi
288 1348 317 1399 et
335 1345 428 1400 dantis
446 1349 476 1400 et
488 1345 653 1414 accipientis
665 1347 811 1416 turpitudo
823 1348 958 1408 versatur,
976 1361 1034 1399 non

158 1444 246 1498 posse
265 1430 357 1499 repeti
375 1431 503 1486 dicimus.
538 1432 671 1484 PAULUS:
699 1435 717 1486 l.
736 1441 751 1486 3
771 1434 804 1490 D.
821 1435 853 1486 de
875 1431 1034 1485 condicere

734 1524 805 1586 turp.
824 1531 894 1571 eous.
915 1523 954 1577 12,
973 1523 997 1571 5.

212 1599 359 1671 Repetitio
371 1601 449 1656 nulla
461 1605 505 1658 est
517 1603 552 1656 ab
566 1619 609 1666 eo,
628 1602 676 1671 qui
690 1619 770 1657 suum
782 1601 898 1671 recepit,
916 1600 1033 1654 temetsi

160 1686 198 1740 ab
218 1687 277 1741 alio
294 1704 379 1754 quom
396 1705 464 1743 vero
483 1689 610 1744 debitore
634 1689 758 1743 solutum
776 1691 826 1742 est.
863 1688 996 1740 Pronus:
1015 1687 1032 1740 I.

529 1784 562 1830 44
582 1777 615 1829 Ι).
633 1777 666 1828 de
684 1777 793 1829 condiet.
811 1775 894 1828 iudet.
915 1780 954 1836 12,
975 1780 997 1826 6.

499 1971 699 2040 Replicatio.

213 2117 374 2187 Replicatio
393 2119 437 2171 est
455 2117 596 2171 contrario
614 2115 744 2186 exceptio
762 2115 843 2183 quasi
857 2115 1032 2185 exceptionis

160 2202 302 2273 exceptio.
337 2202 470 2257 Pronus:
490 2204 506 2256 l.
525 2209 557 2256 22
576 2203 593 2271 ξ
615 2212 625 2256 1
646 2203 680 2255 Ι).
698 2205 731 2254 de
748 2206 852 2269 except.
870 2209 912 2263 44,
933 2210 955 2255 1.

215 2288 427 2358 Replicationes
445 2287 516 2342 nihil
534 2288 611 2342 aliud
629 2291 696 2342 sunt
714 2304 798 2356 quam
811 2287 991 2356 exceptiones
1005 2289 1034 2341 et

160 2391 180 2428 a
206 2378 287 2444 parte
315 2373 418 2428 actoris
445 2373 570 2430 veniunt.
605 2373 771 2428 Unemus:
794 2375 844 2426 12
869 2372 885 2442 5
911 2373 977 2427 11).
1001 2374 1034 2425 dc

789 2462 894 2526 except.
912 2466 954 2519 44,
976 2465 997 2512 1.

491 2653 707 2723 Repudiotio.

218 2799 299 2866 Quod
310 2801 381 2868 quis,
400 2799 425 2854 ei
435 2799 512 2863 velit,
531 2800 636 2854 hebere
649 2815 706 2853 non
718 2802 822 2869 potest,
840 2797 870 2851 id
885 2796 1033 2866 repudiare

164 2902 222 2940 non
239 2889 342 2956 potest.
378 2886 511 2940 PAULUS:
530 2888 546 2938 l.
568 2894 615 2941 174
635 2885 652 2954 ἓ
673 2893 685 2938 1
705 2885 739 2937 Ι).
757 2886 789 2937 dc
808 2883 841 2937 R.
859 2883 884 2936 J.
903 2891 943 2945 50,
965 2889 1004 2937 17.

217 2971 245 3026 Is
263 2974 359 3041 potest
375 2971 533 3041 repudiare,
552 2970 600 3039 qui
618 2973 648 3024 et
666 2969 810 3037 acquirere
828 2971 931 3037 potest.

320 3057 452 3110 Pinnos:
472 3060 489 3112 I.
510 3064 540 3111 18
559 3058 591 3110 D.
610 3057 792 3124 decoqueret
810 3070 856 3109 om.
875 3055 932 3106 ter.
951 3059 991 3117 29,
1010 3058 1035 3106 2.
