2698 3558
297 512 405 577 Aqua.
427 510 682 578 Aquueduotus.
704 513 978 579 Aqueeheustur.

255 620 345 689 Aqua,
364 637 437 689 quae
455 621 485 674 in
502 619 562 674 rivo
575 620 710 686 nescitur,
728 621 817 676 tacite
835 623 906 677 lueri
923 623 956 677 fit
973 624 1009 678 ab
1028 639 1075 688 eo,

199 706 253 776 qui
279 705 364 760 ducit
400 706 589 759 POMPONIUS:
617 709 633 760 l.
657 714 672 762 8
700 711 718 772 9
743 715 758 762 3
786 709 819 761 Ι).
846 711 879 762 de
905 725 974 776 aqua
995 711 1073 764 coiid.

935 802 977 857 48,
995 801 1037 849 20.

251 877 456 945 Aquaeduotus
475 880 521 932 eet
541 876 585 930 ius
609 895 714 945 aquom
737 877 861 934 ducendi
883 895 936 949 per
952 878 1072 934 fundum

199 962 335 1018 alienum.
370 963 535 1017 ULPIANUS:
554 965 571 1017 l.
592 973 603 1018 1
622 980 665 1031 pr.
685 965 719 1017 I).
737 967 770 1018 de
788 981 857 1019 sero.
871 981 918 1032 pr.
938 982 961 1018 r.
981 971 1005 1028 8,
1024 971 1048 1019 3.

254 1048 307 1115 Qui
323 1048 411 1103 habet
428 1049 569 1112 haustum,
587 1049 642 1104 iter
660 1066 771 1118 quoque
789 1049 894 1104 hebere
910 1049 1023 1104 videtur
1035 1051 1071 1104 od

197 1134 393 1189 hauriendum.

250 1220 362 1287 Aquom
378 1218 505 1288 pluviam
524 1217 656 1283 dicimus,
680 1235 754 1287 quae
773 1220 808 1274 de
832 1219 912 1274 coelo
931 1220 1011 1274 cadit
1027 1224 1068 1275 at·

198 1323 256 1374 que
279 1304 368 1359 imbre
393 1303 538 1359 exerescit.
574 1303 742 1357 umorue:
764 1306 780 1358 l.
801 1313 875 1372 lpr.
894 1305 927 1361 Ι).
950 1307 983 1359 de
1001 1321 1071 1374 aqua

732 1395 758 1444 et
776 1405 800 1443 a.
814 1392 854 1458 pl.
874 1407 929 1444 arc.
949 1397 990 1454 39,
1008 1399 1032 1446 3.

251 1475 335 1545 Aqua
363 1475 508 1530 cotidiana
529 1478 585 1539 est,
609 1493 682 1545 quoe
706 1475 772 1531 duci
795 1474 903 1532 assidui
926 1476 1000 1530 solet
1021 1477 1067 1531 vel

197 1561 309 1616 aestivo
331 1564 460 1631 tempore
478 1560 524 1618 vel
545 1560 676 1626 hiberum
695 1591 728 1602 -
748 1559 859 1616 aestive,
877 1578 912 1616 ea
930 1565 986 1624 est,
1010 1580 1071 1631 quo

198 1649 310 1702 aestate
335 1646 396 1700 solo
418 1645 461 1700 uti
484 1645 607 1716 expedit
642 1647 808 1703 Unrmuus:
832 1650 848 1703 l.
870 1656 881 1703 1
907 1649 1011 1712 931).
1034 1651 1070 1702 de

748 1749 817 1801 aqua
834 1734 912 1787 eoiid.
930 1742 972 1797 43,
992 1741 1031 1789 io.

559 1859 708 1916 Arbiter.

249 1969 330 2026 Stare
350 1971 436 2025 debet
455 1970 597 2024 sententia
615 1969 721 2034 arbitri,
741 1988 827 2040 quam
845 1971 880 2026 de
904 1988 934 2026 re
956 1971 1068 2026 dixerit.

384 2056 550 2124 Uurmuus:
569 2058 586 2112 l.
605 2063 636 2110 27
656 2060 674 2121 9
693 2063 707 2110 2
726 2056 760 2110 Ι).
778 2059 811 2110 de
830 2060 946 2125 receptis
963 2067 988 2120 4,
1007 2064 1031 2112 8.

573 2184 694 2239 Arbor.

248 2294 400 2359 Arborum,
423 2311 497 2362 quae
514 2293 545 2348 in
562 2293 649 2349 fundo
668 2293 861 2359 continentur,
884 2313 941 2350 non
960 2298 1005 2350 est
1023 2313 1068 2350 oe-

195 2382 329 2450 peratum
348 2396 449 2449 eorpus
468 2397 486 2433 a
503 2379 601 2434 fundo.
626 2379 813 2433 Pomorms:
833 2383 849 2436 l.
868 2389 902 2437 40
920 2383 953 2437 D.
971 2385 1004 2436 de
1022 2397 1065 2435 oc·

690 2468 802 2521 tionibus
821 2484 844 2521 e.
862 2473 888 2521 ei
905 2485 927 2522 v.
946 2475 987 2532 19,
1008 2476 1030 2522 1.

246 2549 354 2605 Furtim
378 2568 479 2606 eaesae
501 2551 616 2606 arbores
643 2551 787 2616 videntur,
814 2569 888 2621 quoe
914 2552 1067 2623 ignorante

192 2635 310 2690 domino
329 2636 496 2705 colendique
515 2638 575 2691 eius
595 2654 683 2692 causo
700 2639 864 2693 caeduntur.
898 2638 1067 2692 uumerus:

375 2729 381 2746 ’
422 2725 438 2778 Ι.
459 2731 472 2776 7
487 2738 533 2791 pr.
553 2723 586 2778 D.
605 2723 728 2776 orborum
744 2726 839 2793 furtim
857 2741 926 2780 caes.
945 2733 986 2789 47,
1006 2735 1030 2781 7.

399 2849 614 2908 Beneficium.
645 2849 859 2908 Liberalitas.

209 3011 211 3016 ,
244 2959 301 3015 Ubi
319 2961 448 3029 aequitas
467 2961 583 3016 evidens
601 2954 702 3030 posoii,
722 2962 947 3018 subveniendum
965 2966 1016 3021 eso
1040 2983 1043 2990 ·

409 3047 604 3100 Mircurius:
623 3050 639 3104 l.
660 3055 709 3103 183
727 3049 760 3102 D.
779 3052 812 3103 de
830 3051 863 3106 R.
882 3051 906 3107 J.
926 3057 967 3114 50,
989 3057 1029 3105 17.
