2666 3560
594 311 633 375 87

230 477 272 533 Ex
289 477 399 533 malitia
416 495 500 532 nemo
519 478 698 533 commodum
716 478 821 532 habere
841 477 934 532 debet.

229 564 341 618 Malitia
360 567 505 618 crescente
525 567 554 618 et
571 580 665 634 poena
683 579 809 619 crescere
829 563 922 617 debet.

228 649 340 704 Malitia
357 650 472 720 supplet
488 652 621 705 aetatem.

227 735 324 790 Semel
340 735 431 790 malus
450 751 562 804 semper
578 734 768 805 praesumitur
786 751 849 789 esse
862 733 963 788 malus.
991 749 1013 788 c.
1032 741 1048 792 8

590 883 592 888 ,
671 820 1012 883 ceramum

382 1015 590 1073 Mandatum.
626 1017 841 1072 Procurator.

230 1145 373 1215 Obligatio
391 1145 519 1199 mandati
538 1161 678 1200 consensu
697 1143 925 1199 contrahentium
943 1142 1045 1198 existit.

454 1231 589 1284 Pronus:
609 1233 626 1283 1.
647 1239 658 1284 1
674 1231 969 1298 pullariorum,
990 1237 1011 1282 1.

230 1315 283 1382 Qui
300 1315 407 1385 patitur
424 1316 459 1370 ab
479 1316 535 1371 alio
548 1316 683 1380 mundari,
701 1319 733 1370 ut
746 1314 800 1370 sibi
814 1314 950 1377 credatur,
969 1331 1045 1366 man-

174 1402 244 1456 dare
261 1400 437 1472 intelligitur.
473 1401 675 1456 ULPIANU821.
696 1409 727 1458 18
745 1402 778 1455 D.
797 1402 916 1454 mundati
934 1407 973 1463 17,
994 1407 1016 1453 1.

229 1487 352 1557 Semper,
370 1487 419 1557 qui
436 1505 494 1542 non
512 1487 658 1558 prohibuit
668 1505 721 1558 pro
735 1504 765 1542 se
777 1484 949 1549 interveniri,
967 1501 1045 1538 man·

173 1573 243 1627 dare
268 1572 402 1628 creditur:
433 1573 535 1628 sedet
560 1573 584 1627 si
606 1574 668 1642 quis
687 1577 781 1628 ratum
799 1570 942 1634 habuerit,
969 1569 1045 1639 quod

152 1655 154 1659 ’
173 1660 289 1726 gestum
299 1661 350 1722 est,
361 1658 548 1728 obstringitur
556 1658 867 1727 mandatiexceptione.
877 1657 1043 1711 ULPIANUS:

618 1748 635 1798 l.
656 1746 741 1800 601).
760 1746 793 1798 de
813 1744 950 1808 Mra
970 1752 1009 1800 1⁷.

225 1827 401 1885 Ratihabitio
414 1830 549 1885 mandato
563 1835 751 1901 comparatur.
777 1830 942 1884 Uannus:
960 1833 979 1884 l.
995 1839 1042 1887 152

635 1917 947 1986 §altuenum
968 1925 1006 1971 17.

225 2000 393 2056 Mandatum
419 2002 475 2056 uisi
501 2002 657 2073 gratuitum
683 2003 792 2058 nullum
819 2006 870 2058 est.
905 2003 1040 2058 PAULUS:

593 2091 611 2142 l.
632 2098 644 2143 1
665 2089 769 2157 541).
788 2091 963 2154 mundaum,
984 2101 1006 2146 1.

224 2171 390 2228 Mandatum
402 2191 459 2229 non
472 2178 515 2230 est
528 2174 736 2244 obligatorium,
750 2175 827 2243 quod
840 2178 939 2230 contra
950 2176 1040 2232 bonos

421 2277 513 2316 mores
531 2263 582 2316 est.
618 2261 635 2328 θ
656 2269 669 2314 7
688 2261 714 2316 J.
731 2263 764 2316 de
781 2263 903 2314 mandato
921 2269 945 2325 3,
964 2269 1006 2317 27.

223 2341 312 2398 Nemo
340 2361 373 2399 ex
400 2345 518 2400 consilio
545 2345 673 2400 mandati
700 2345 849 2416 obligatur.
886 2347 903 2416 θ
928 2354 942 2401 6
965 2348 1041 2403 Νι

780 2434 903 2486 mandato
922 2440 945 2496 3,
965 2440 1005 2488 27.

223 2513 389 2570 Mandatum
406 2532 463 2570 non
482 2517 625 2586 surripere
644 2517 762 2573 cuilibet
779 2516 899 2573 liberum
918 2521 971 2573 est:
995 2537 1038 2573 su·

169 2603 301 2668 ereptum
327 2604 422 2657 autem
451 2604 703 2658 consummandum
729 2607 780 2659 aut
806 2621 893 2672 quam
918 2603 1039 2674 primum

169 2685 389 2742 renuntiandum
407 2691 458 2743 est.
495 2689 512 2757 g
532 2696 561 2742 11
581 2690 607 2743 J.
624 2691 657 2742 de
675 2690 797 2743 mundato
816 2697 840 2758 3,
858 2696 899 2744 27.

221 2770 330 2826 Invitus
348 2777 514 2842 procurator
530 2790 587 2828 non
605 2773 678 2828 solet
696 2773 765 2828 dari.
799 2774 966 2828 UnPIANUs:
984 2778 1002 2829 l.
1022 2783 1037 2831 8

639 2860 1002 2929 §1c.deproar.e‚a

220 2940 328 2996 Invitus
345 2943 573 3012 procurationem
585 2945 729 3016 suscipere
750 2962 834 3000 nemo
853 2945 970 3015 cogitur.
1007 2947 1037 3004 l.

642 3039 672 3085 17
695 3033 721 3086 O.
739 3034 773 3085 de
785 3047 897 3100 procur.
916 3039 940 3096 2,
961 3039 1000 3086 13.
