2666 3560
563 339 622 401 141

162 507 257 560 mento
275 503 358 560 testis
377 520 515 582 essenon
532 507 636 574 potest.
670 504 836 566 Uannius
854 507 871 559 1.
890 512 923 560 20
936 521 983 574 pr.
996 506 1030 559 1).

657 593 702 658 qui
717 595 820 644 testera.
835 593 891 659 suo.
910 597 951 655 28,
971 600 994 648 1.

213 675 309 745 Caput
326 677 411 743 atque
431 674 646 730 fundamentum
663 675 832 746 intelligitur
844 675 931 731 totius
944 679 1030 730 testa·

161 760 250 816 menti
267 758 379 814 heredis
398 758 548 814 institutio.
585 760 602 828 5
620 769 655 816 84
671 760 697 818 J.
715 763 748 814 de
764 763 860 830 tepolis
879 769 902 824 2,
921 769 962 817 20.

212 845 299 900 Falsa
317 843 521 899 demonstratio
540 843 570 897 in
587 847 760 900 testamento
778 863 836 900 non
853 850 945 901 nooet.

211 931 281 985 Dies
299 930 423 984 incertus
443 929 635 985 conditionem
652 930 682 984 in
700 933 873 986 testamento
891 932 968 987 tacit.

262 1016 463 1069 eumenus:
481 1016 499 1069 l.
519 1017 602 1070 751).
621 1017 654 1070 de
671 1019 765 1070 condit.
784 1023 810 1071 et
827 1019 892 1072 dem.
912 1025 953 1081 35,
973 1026 996 1072 1.

211 1101 393 1172 Captatoriae
406 1100 564 1170 scripturae
577 1117 669 1170 neque
679 1101 709 1156 in
718 1102 925 1158 hereditatibus
937 1120 1030 1173 neque

157 1188 187 1241 in
204 1187 309 1257 legatis
327 1187 431 1242 valent.
468 1185 576 1240 GAIUS:
595 1189 611 1239 l.
630 1194 663 1240 64
681 1188 715 1240 I).
733 1191 767 1241 de
783 1189 877 1256 Iopolis
895 1190 917 1242 I.

209 1271 399 1342 Impossibilis
423 1272 548 1328 conditio
570 1272 601 1326 in
623 1272 729 1328 ultimis
755 1274 951 1329 voluntatibus
978 1291 1029 1345 pro

159 1376 219 1413 non
238 1357 343 1428 scripta
360 1357 489 1412 habetur.
525 1357 540 1386 ⁴
560 1358 577 1427 5
598 1366 629 1413 10
646 1358 671 1412 J,
689 1361 722 1413 de
738 1359 828 1413 tered.
848 1362 908 1414 inst.
928 1368 951 1424 2,
973 1369 1012 1415 14.

210 1442 404 1514 Impossibiles
424 1443 601 1498 conditiones
620 1447 791 1500 testamento
804 1445 966 1515 adscriptae
979 1462 1030 1515 pro

157 1528 244 1586 nullis
263 1529 412 1584 habendae
432 1533 504 1585 sunt.
540 1528 705 1583 ULPIANUS:
724 1531 741 1584 Ι.
760 1537 775 1584 8
794 1530 827 1584 Ι).
840 1533 873 1585 de
890 1534 985 1585 condit.
1005 1538 1032 1586 ot

827 1618 893 1671 dem.
912 1624 952 1679 55,
973 1626 994 1672 l.

214 1716 296 1782 Quod
304 1715 481 1786 impossibile
491 1717 522 1772 in
530 1720 702 1773 testamento
713 1718 912 1788 scriptumest,
924 1719 1030 1773 nullam

158 1804 219 1858 vim
236 1803 332 1857 habet.
367 1811 520 1859 Atinatis:
548 1806 564 1857 Ι.
583 1811 616 1858 45
635 1805 668 1858 D.
687 1807 720 1858 de
737 1805 826 1858 hored.
845 1807 926 1858 instit,
947 1811 987 1867 28,
1006 1812 1030 1860 5.

212 1887 244 1942 ln
263 1887 472 1943 conditionibus
490 1891 726 1944 testamentorum
743 1890 919 1946 voluntatem
935 1890 1030 1960 potius

158 1989 245 2042 quarn
263 1972 350 2026 verba
368 1973 542 2029 considerari
561 1977 682 2044 oportet.
718 1975 914 2028 PAPmANUS:
944 1978 960 2030 l.
981 1983 1028 2031 101

571 2062 603 2113 Ι).
622 2063 655 2114 de
672 2063 768 2114 condit.
786 2067 812 2115 et
829 2063 893 2114 dem.
912 2067 953 2124 55,
973 2068 995 2114 1.

213 2160 291 2226 Quae
312 2161 342 2216 in
365 2164 538 2217 testamento
560 2163 602 2216 ita
625 2166 692 2217 sunt
715 2163 833 2234 scripta,
860 2166 893 2218 ut
909 2162 1031 2234 intelligi
1109 2183 1111 2190 ’

159 2263 218 2300 non
239 2245 365 2316 possint,
388 2247 506 2317 perinde
532 2252 609 2312 sunt,
634 2265 667 2302 ao
686 2248 708 2303 si
727 2249 834 2319 scripta
851 2264 909 2303 non
927 2252 1030 2304 essent.
1065 2321 1068 2329 Δ

348 2332 519 2386 somvom:
538 2335 555 2388 l.
575 2341 606 2388 23
626 2335 642 2402 g
662 2341 677 2388 3
696 2335 731 2388 Ι).
748 2337 782 2388 de
799 2335 832 2388 R.
851 2334 875 2388 J.
894 2341 935 2398 50,
956 2343 995 2389 17.

212 2434 283 2489 Cum
305 2433 335 2488 in
357 2437 530 2492 testamento
554 2436 687 2506 ambigue
710 2441 761 2492 aut
778 2437 864 2492 etiam
881 2453 1030 2506 perperam

161 2519 298 2589 scriptum
324 2523 382 2595 est,
410 2520 533 2590 benigne
560 2521 741 2591 interpretari
759 2526 789 2577 et
815 2522 970 2578 seeundum
992 2522 1030 2586 id,

160 2606 238 2673 quod
256 2605 392 2661 credibile
410 2611 455 2662 est
473 2606 637 2676 cogitatum,
656 2607 828 2662 eredendum
846 2611 898 2663 est.

358 2693 555 2751 Mmonnnua
572 2694 590 2746 l.
608 2701 642 2748 24
660 2694 692 2749 J),
711 2695 744 2747 de
761 2691 817 2751 reb.
833 2691 893 2768 dub.
912 2701 953 2758 34,
972 2703 995 2749 5.

213 2792 283 2847 Cum
304 2794 334 2848 in
356 2796 449 2851 verbis
472 2796 551 2850 nulla
577 2795 748 2866 ambiguitas
776 2800 832 2860 est,
859 2813 917 2850 non
945 2795 1031 2851 debet

161 2877 274 2933 admitti
291 2880 444 2936 voluntatis
462 2880 600 2950 quaestio.
635 2881 768 2935 pimus:
787 2884 805 2936 l.
824 2888 856 2935 25
875 2882 892 2950 ἕ
913 2889 925 2935 1
945 2882 980 2936 D.
999 2884 1032 2935 de

828 2969 923 3033 tepolis
940 2968 994 3020 III.

212 3049 276 3104 Non
294 3050 375 3106 aliter
386 3067 404 3105 a
416 3051 622 3122 significatione
640 3051 791 3107 verborum
801 3051 897 3107 resedi
907 3055 1029 3122 oportet,
