2698 3558
199 1007 219 1018 ,.
291 952 325 1013 In
356 954 490 1015 fontibus
517 956 591 1015 iuris
619 957 744 1016 Romani
775 959 939 1034 permultae
972 959 1093 1036 regulae
1175 981 1183 992 ·

228 1059 300 1118 iuris
322 1059 433 1131 insunt,
458 1079 534 1136 quae
556 1060 686 1136 insignes
713 1060 860 1121 brevitate
884 1062 1036 1122 subtiliter
1059 1083 1092 1124 ao

229 1163 430 1240 significanter
444 1164 539 1240 ipsam
555 1167 690 1224 naturam
707 1165 858 1224 doetrinae
874 1166 995 1225 intimae
1012 1186 1092 1226 oom-

227 1267 427 1340 prehenduut3
458 1269 718 1329 a‘reoentioribus
747 1289 867 1346 quoque
897 1270 1093 1346 scriptoribus

228 1378 258 1431 et
278 1389 336 1430 usu
362 1371 472 1430 similes
501 1371 645 1431 formulae
661 1373 857 1449 'compositae
887 1377 965 1432 sunt.
1012 1374 1093 1444 Quae

212 1475 372 1550 ‚formulae
405 1476 493 1536 etiam
527 1477 637 1536 nostris
664 1476 850 1552 temporibus
879 1497 946 1537 oum
973 1478 1003 1536 in
1028 1478 1094 1552 ipsa

226 1578 300 1637 iuris
329 1579 486 1656 disciplina
512 1583 577 1638 tum
604 1579 635 1636 in
662 1580 800 1639 omnibus
828 1580 928 1654 rebus,
957 1601 1032 1656 quae
1056 1580 1094 1639 ad

227 1681 456 1756 rempublicam
474 1683 632 1757 pertinent,
656 1683 754 1742 verbis
778 1688 808 1743 et
822 1684 930 1743 litteris
955 1683 1092 1742 adhiben-

216 1787 286 1855 tur,
310 1804 343 1844 ao
366 1785 492 1844 maxime
509 1785 630 1861 quidem
652 1786 682 1844 in
706 1787 780 1846 actis
802 1784 941 1866 (diurnis)
963 1787 1091 1846 seriben-

226 1887 271 1946 dis
299 1888 486 1964 frequentem
511 1888 542 1945 in
572 1908 661 1948 usum
687 1893 841 1949 venerunt.
891 1889 1031 1948 Attamen
1058 1889 1088 1947 in

226 1991 360 2051 fontibus
384 1991 533 2067 dispersae
557 1993 638 2051 etin
660 1977 753 2066 libris,
783 1993 835 2069 qui
862 1997 933 2052 sunt
956 1992 991 2050 de
1014 1992 1087 2051 iuris

226 2094 351 2152 Romani
373 2095 538 2170 disciplina,
562 2095 641 2154 haud
656 2097 767 2156 multae
791 2097 897 2155 allatae
921 2095 1018 2154 adhue
1040 2096 1086 2167 iis,

226 2217 354 2273 quorum
375 2197 406 2255 id
428 2198 553 2256 maxime
576 2197 709 2271 interest,
733 2218 791 2257 non
814 2199 845 2256 in
866 2203 1008 2276 promptu
1023 2197 1086 2256 fue·

168 2354 172 2359 .
224 2306 304 2361 runt.
335 2302 441 2377 Itaque
458 2321 559 2359 earum
575 2301 779 2374 formularum,
804 2321 880 2378 (luae
897 2301 1087 2378 dignissimae

225 2405 298 2463 mihi
310 2405 393 2464 uisae
410 2410 489 2477 sunt,
504 2405 672 2481 patefacere
688 2405 803 2464 aditum
818 2410 848 2464 et
866 2424 955 2464 usum
970 2424 1087 2481 promp-

225 2508 332 2566 tiorem
354 2507 477 2568 reddere
501 2512 624 2568 conatus
647 2510 703 2568 hoe
720 2509 899 2584 opuseulum
922 2507 1085 2583 composui,

227 2611 308 2687 quod
330 2612 563 2689 haudquaquam
591 2631 698 2672 nomen
726 2611 882 2671 enchiridii
913 2611 1085 2686 disciplinae

225 2714 298 2774 iuris
320 2715 445 2774 Romani
468 2715 524 2774 sibi
546 2715 687 2774 vindieat.
731 2715 924 2773 Euchiridien
950 2714 1027 2771 enim
1049 2713 1085 2771 iis

223 2817 298 2876 iuris
324 2818 449 2894 regulis,
478 2837 553 2894 quae
582 2821 710 2888 exstant,
738 2817 875 2892 componi
900 2835 960 2875 non
986 2818 1087 2891 potest

225 2923 394 2996 propterea,
412 2920 493 2997 quod
507 2922 612 2980 breves
627 2921 811 2995 subtilesque
826 2919 984 2990 formulae,
1002 2919 1085 2993 (quo-

220 3019 291 3082 rum
316 3023 435 3100 proprie
463 3024 493 3081 in
519 3024 574 3082 hoo
601 3043 632 3082 re
658 3023 733 3082 ratio
761 3022 896 3081 habenda
923 3023 980 3096 est)
1005 3019 1104 3095 quod
