2698 3558
720 317 759 380 18

549 493 722 548 Bonorum
744 493 924 562 possessio.
1026 477 1027 480 ¹

304 613 312 629 ’
353 619 497 675 Bonorum
518 619 663 690 possessio
687 623 731 674 est
755 619 800 675 ius
827 619 1018 691 persequendi
1040 620 1086 675 vel
1107 619 1178 674 reti-

300 706 388 760 nendi
404 704 569 774 patrimonii
582 705 640 760 sive
653 705 702 768 rei,
721 723 794 773 quae
815 705 990 774 cuiusquam,
1009 723 1073 760 oum
1090 705 1179 760 mori-

300 794 355 855 tur,
373 791 437 845 fuit.
472 791 638 844 Unrmuus:
658 793 674 844 I.
694 798 708 846 3
727 795 745 856 §
765 799 779 845 2
798 793 831 845 1).
849 793 882 845 de
900 792 955 844 bon.
969 807 1043 858 poss.
1062 799 1104 855 37,
1124 801 1147 846 1.

353 875 498 930 Bonorum
519 891 699 945 possessores
724 879 803 940 sunt,
831 877 880 944 qui
907 876 993 930 alicui
1016 876 1181 930 succedunt·

300 960 361 1015 iure
380 960 533 1031 praetorio.

518 1138 736 1196 calumniari.
768 1139 955 1196 calumnia.

353 1266 526 1322 Calumniari
539 1269 584 1322 est
595 1267 669 1322 falsa
679 1266 796 1322 erimina
804 1267 959 1322 intendere.
981 1267 1180 1320 nanninus:

582 1355 598 1406 l.
619 1362 631 1407 l
652 1358 670 1417 §
690 1355 756 1408 11).
777 1356 813 1407 ad
829 1353 917 1406 Sotum
937 1354 1016 1420 serp,
1035 1361 1076 1412 48,
1099 1360 1138 1407 16.

354 1437 504 1493 calumnia
522 1441 567 1492 est
585 1437 702 1506 quaevis
720 1437 860 1501 versutia,
884 1454 941 1506 qua
964 1438 1100 1492 alteruter
1117 1438 1181 1492 liti--

302 1523 432 1592 gentium
451 1523 644 1578 adversarium
662 1541 744 1579 suum
765 1521 965 1578 circumvenire
985 1525 1112 1577 conatur.

480 1711 482 1716 ’
563 1718 693 1788 capitis
715 1717 916 1775 deminutio.

354 1845 463 1916 Capitis
482 1845 602 1900 minutio
621 1850 665 1900 est
684 1849 776 1900 status
789 1843 972 1914 permutatio.
1001 1843 1107 1898 GAIUS:
1127 1846 1177 1898 Li

783 1932 816 1984 J).
835 1932 867 1984 de
885 1932 974 1998 capite
991 1933 1051 1982 min.
1070 1939 1094 1993 4,
1114 1938 1139 1984 5.

679 2127 796 2182 cesus.

351 2255 496 2310 Fortuitus
526 2271 608 2308 casus
637 2257 694 2319 est,
722 2253 772 2322 qui
798 2252 875 2306 nullo
902 2252 1026 2306 humano
1054 2252 1183 2308 oonsilio

298 2338 459 2410 praevideri
476 2342 581 2410 potest.

352 2423 403 2488 aa
426 2441 500 2493 quae
524 2441 557 2478 ex
579 2424 735 2494 improviso
759 2439 828 2476 oasu
849 2421 945 2490 potius
969 2439 1055 2489 quam
1073 2423 1183 2478 fraude

299 2508 446 2574 accidunt,
473 2510 533 2566 fato
561 2509 743 2580 plerumque,
772 2523 830 2560 non
856 2522 959 2569 noxae,
986 2506 1182 2575 imputantur„

701 2595 730 2648 L.
752 2600 764 2646 1
788 2591 1138 2658 C.od1ep.t'orn.9‚lt.

351 2678 441 2736 Casus
459 2680 593 2736 fortuitus
612 2698 629 2734 a
648 2696 730 2734 mora
748 2678 873 2732 excusat.

350 2763 441 2819 Casus
464 2783 482 2822 a
503 2765 582 2819 nullo
599 2765 793 2835 praestantur.
820 2761 834 2794 *
860 2759 1026 2812 ULPIANUS:
1049 2762 1066 2813 l.
1086 2768 1119 2816 28
1140 2763 1184 2818 D,

890 2848 923 2899 de
941 2846 974 2899 R.
992 2845 1017 2898 J.
1036 2853 1077 2909 50,
1098 2855 1140 2901 17.

350 2935 440 2990 Casus
458 2935 592 2990 fortuitus
610 2936 640 2988 in
658 2934 736 2989 nullo
757 2933 906 2986 contractu
923 2933 1095 2999 praestatur.

350 3019 455 3075 Casum
474 3021 561 3076 sentit
579 3020 719 3076 dominus.
