2698 3558
690 317 732 381 60

326 485 477 540 Hereditas
495 501 634 554 personae
654 483 788 547 defuncti,
807 482 856 550 qui
869 499 933 536 eam
944 477 1068 546 reliquit,
1088 475 1153 529 vice

275 571 410 641 fungitur.
445 571 674 624 Faoaarsrmus:
692 572 708 622 1.
729 576 776 623 116
797 569 813 637 ξ
833 575 848 622 3
867 568 900 620 J).
919 569 952 620 de
970 562 1105 632 lepatisI.

327 655 477 710 Hereditas
490 673 548 710 non
559 654 672 709 heredis
684 669 844 724 personam,
864 643 1056 719 sed‘defuncti
1066 645 1153 701 susti-

276 746 334 797 net.
371 742 537 795 Uarinius:
556 743 573 794 I.
593 747 626 794 34
645 740 676 792 Ι).
696 742 729 792 de
747 741 846 805 acquir.
865 752 921 790 rer.
940 739 1006 788 dom.
1025 741 1067 796 41,
1089 740 1112 785 1.

329 827 474 881 Creditum
494 829 538 880 est
555 824 744 879 hereditatem
763 823 909 877 dominam
928 837 1003 882 esse,
1024 815 1156 899 defuncti

276 913 371 966 locum
390 911 526 966 obtinere.
554 909 660 966 GAIUS:
680 913 697 963 l.
709 917 740 964 31
762 909 778 978 ἕ
794 917 806 964 1
827 909 859 961 D.
873 910 905 960 de
917 909 974 961 ter.
988 908 1048 958 tart.
1068 909 1114 966 28,
1129 911 1156 956 5.

329 997 418 1050 Heres
438 999 467 1050 et
483 995 627 1049 hereditas
646 1035 652 1047 .
672 1034 678 1047 .
698 1035 704 1046 .
723 1035 729 1047 .
748 993 831 1047 unius
850 1008 990 1062 personae
1009 989 1071 1044 vice
1091 987 1155 1041 fun·

279 1085 391 1151 guntur.
428 1081 611 1133 laverimus:
630 1081 647 1134 l.
666 1085 698 1132 22
717 1081 750 1132 Β.
769 1081 802 1132 de
819 1093 911 1144 usurp.
929 1085 971 1139 41,
983 1083 1014 1148 ,3.

331 1166 393 1220 Una
412 1169 456 1219 est
474 1164 682 1233 quodammodo
700 1179 824 1232 persona
841 1161 955 1216 heredis
972 1163 1002 1214 et
1015 1158 1085 1221 sius,
1105 1155 1157 1226 qui

278 1251 308 1304 in
327 1269 392 1306 eum
410 1249 577 1305 transmittit
596 1248 792 1303 hereditatem.
828 1247 995 1300 Unrmnus:
1015 1247 1031 1300 l.
1052 1251 1067 1298 8
1087 1248 1103 1308 ξ
1124 1251 1155 1296 11

728 1329 1120 1398 HamamQffi

330 1421 419 1474 Heres
444 1420 571 1474 eiusdem
592 1419 745 1488 potestatis
768 1418 895 1485 iun'sque
919 1419 976 1479 est,
1001 1414 1082 1468 cuius
1100 1412 1160 1467 fuit

281 1507 440 1560 defunctus.
477 1505 643 1557 ULPIANUs:
661 1507 677 1560 1.
696 1511 729 1559 59
748 1505 781 1556 Ι).
800 1506 833 1556 de
851 1505 884 1556 R.
903 1505 927 1556 J.
948 1509 989 1565 50,
1010 1508 1050 1555 17.

331 1591 420 1644 Nemo
442 1590 507 1659 plus
532 1589 671 1643 commodi
693 1589 791 1647 heredi
814 1604 864 1641 suo
891 1585 1041 1654 relinquit,
1069 1601 1159 1652 quam

279 1677 342 1746 ipse
360 1675 469 1728 habuit.
504 1674 637 1727 Pronus:
657 1676 674 1728 l.
694 1674 794 1728 1201).
813 1675 845 1724 dc
864 1674 897 1724 R.
915 1672 941 1726 J.
960 1679 1001 1734 50,
1023 1679 1062 1724 17.

332 1761 365 1812 ln
383 1775 506 1828 poenam
523 1758 605 1812 heres
624 1774 681 1811 non
700 1757 833 1812 succedit.
869 1757 1066 1808 MARCELLUS:
1087 1757 1104 1807 1.
1124 1761 1160 1807 ’22

776 1842 809 1894 Ι).
828 1844 860 1895 de
883 1841 912 1894 θ.
931 1843 963 1894 Ν.
983 1843 1015 1894 Ν.
1036 1847 1077 1903 39,
1100 1847 1122 1893 1.

333 1929 423 1982 Heres
443 1926 570 1980 succedit
586 1925 616 1978 in
634 1927 704 1980 vitia
721 1927 811 1981 realia
829 1925 964 1980 defuncti.
1217 1930 1225 1940 '

332 2012 452 2066 Venisse
476 2011 512 2064 ad
535 2011 668 2064 heredem
685 2010 756 2064 nihil
772 2010 941 2080 intelligitur
958 2010 1014 2064 nisi
1033 2011 1162 2064 deducto

282 2113 347 2151 aere
366 2095 467 2150 alieno.
502 2095 688 2149 POMPONIUS:
708 2099 724 2148 l.
744 2103 792 2150 165
811 2097 844 2148 D.
867 2098 900 2148 de
923 2097 951 2148 V.
971 2097 999 2149 S.
1019 2103 1061 2157 50,
1083 2103 1123 2150 16.

336 2181 459 2234 Tantum
486 2181 605 2249 quisque
632 2181 771 2249 pecuniae
798 2179 925 2246 reliquit,
954 2184 1096 2248 quantum
1125 2197 1162 2232 ex

282 2265 365 2320 bonis
390 2264 450 2319 eius
472 2265 549 2318 refici
570 2268 674 2333 potest,
710 2265 837 2318 Canens:
866 2267 882 2319 l.
907 2271 939 2318 88
963 2266 998 2320 D.
1021 2268 1055 2318 de
1079 2265 1107 2317 V.
1132 2265 1162 2317 S.

1019 2358 1060 2412 50,
1083 2356 1125 2403 16.

335 2435 367 2485 In
386 2433 545 2500 quantitate
561 2433 725 2502 patrimonii
738 2433 910 2500 exquirenda
921 2434 1015 2488 visum
1028 2436 1075 2488 est
1086 2451 1163 2486 mor-

286 2517 324 2571 tis
350 2519 464 2586 tempus
493 2517 624 2586 spectari.
659 2517 766 2572 GAIUS:
794 2520 810 2570 1.
836 2525 867 2571 73
892 2519 925 2574 1).
950 2522 986 2572 od
1007 2517 1056 2586 lep.
1081 2520 1163 2571 Folo.

1037 2611 1079 2666 35,
1100 2611 1124 2656 ’2.

336 2684 509 2740 Hereditatis
536 2686 690 2755 appellatio
719 2647 779 2739 sine
807 2686 892 2740 dubio
917 2688 1049 2742 continet
1070 2688 1166 2741 etiam

286 2771 452 2824 damnosam
472 2769 667 2824 hereditatem.
703 2771 892 2823 POMPONIUS:
915 2774 931 2824 l.
952 2780 1001 2826 119
1025 2776 1059 2826 de
1083 2774 1112 2827 V.
1134 2773 1164 2827 S.

1018 2865 1050 2911 50
1082 2865 1124 2911 16.

336 2936 550 2991 Possessionem
568 2938 710 2992 hereditas
729 2954 786 2991 non
797 2938 893 2992 habet.
925 2897 1093 2995 ULPIAmis:
1114 2945 1131 2996 l.
1149 2951 1162 2995 1

677 3025 693 3092 ἓ
715 3030 744 3078 15
763 3023 796 3076 Ι).
814 3026 840 3075 si
856 3026 879 3076 is
897 3028 942 3090 qui
958 3032 1017 3082 test.
1037 3037 1079 3090 47,
1099 3035 1125 3082 4.
1211 3043 1214 3050 ’
