2698 3558
675 341 694 404 5

300 509 425 578 Adoptio
447 509 477 562 in
499 509 543 562 ins
565 508 694 578 personis
717 508 811 562 locum
836 507 937 570 habet,
964 506 993 560 in
1016 506 1119 575 quibus

252 595 342 650 etiam
359 598 463 660 natura
479 597 578 664 potest
594 593 709 648 habero.
745 593 924 646 Isionarns:
948 594 963 644 1.
974 599 1018 649 .16
1037 593 1069 646 B.
1087 593 1121 646 de

907 681 999 745 'adopt
1020 687 1042 741 ι,
1061 685 1084 733 t.

301 765 427 836 Adoptio
445 768 577 820 naturam
594 764 722 819 imitatur
740 767 769 818 et
785 781 837 834 pro
860 767 985 819 monstro
1009 766 1064 826 est,
1087 764 1121 816 ut

250 852 341 924 major
361 851 464 922 [annis]
483 851 520 906 sit
537 850 611 918 filins
634 867 720 918 quam
741 853 832 920 pater.
867 854 886 914 §
904 858 920 904 ⁴
938 850 964 905 J.
981 852 1013 904 de
1031 851 1119 916 adopt.

1002 944 1024 1000 1,
1044 943 1084 989 11.

301 1019 400 1092 Neque
419 1021 556 1092 adoptare
574 1039 667 1090 neque
686 1039 818 1092 arrogare
831 1021 894 1090 quis
905 1025 1003 1091 potest
1015 1021 1120 1074 absens

252 1124 306 1164 neo
323 1125 375 1179 per
392 1107 479 1162 alium
498 1106 636 1162 eiusmodi
654 1107 855 1162 solennitatem
866 1123 1003 1176 peragere
1015 1106 1119 1176 potest.

471 1193 633 1248 Unrrssns:
652 1195 670 1250 1.
689 1200 721 1250 25
739 1198 757 1260 5
778 1202 789 1248 1
810 1194 844 1248 D.
862 1196 895 1247 dc
913 1195 1000 1260 adopt.
1020 1200 1042 1254 1,
1062 1199 1086 1249 7.

302 1271 449 1348 ¹Spadonos
473 1279 610 1349 adoptare
636 1272 769 1349 possunt,
797 1277 914 1332 castrati
941 1281 1037 1332 autem
1063 1294 1121 1331 non

252 1367 383 1432 possunt.
421 1366 567 1430 §fidele
585 1366 671 1431 adopt.
693 1372 714 1428 1,
735 1372 774 1419 11.

304 1449 367 1505 Non
380 1449 466 1504 debet
478 1449 540 1518 quis
553 1449 648 1520 plures
661 1449 799 1520 adoptare
812 1448 866 1504 nisi
885 1466 920 1503 ex
936 1448 1013 1503 iusta
1025 1465 1122 1503 eausa

303 1535 374 1588 'l'am
396 1535 484 1600 filium
506 1534 630 1590 alienum
652 1535 715 1604 quis
737 1534 768 1588 in
790 1534 885 1589 loonm
902 1533 1015 1603 nepotis
1034 1533 1121 1603 adop·

252 1623 313 1674 tare
334 1624 432 1691 potest
455 1638 540 1689 quam
561 1623 696 1690 nepotem
718 1620 748 1674 in
769 1621 864 1675 looum
881 1619 940 1675 fflii.
975 1624 994 1685 ἕ
1013 1626 1028 1673 6
1046 1619 1071 1673 J.
1089 1621 1123 1672 de

896 1708 984 1774 adopt.
1005 1714 1027 1767 1,
1047 1712 1087 1760 11.

308 1789 432 1862 Adoptio
444 1808 501 1846 non
514 1791 557 1845 ius
572 1791 725 1860 sanguinis,
740 1791 790 1846 sed
801 1790 846 1846 ius
859 1789 1021 1860 agnationis
1032 1789 1122 1844 affert.

575 1877 704 1930 Pronus:
724 1880 741 1932 l.
760 1884 792 1932 23
813 1878 845 1933 Ι).
863 1879 896 1930 de
914 1879 1001 1943 adopt.
1022 1885 1044 1939 1,
1064 1884 1087 1929 7.

305 1963 461 2032 Arrogatus
481 1980 545 2017 enm
563 1964 656 2033 eapite
675 1964 804 2018 fortunas
822 1979 935 2030 quoque
955 1979 1021 2016 suas
1038 1961 1068 2016 in
1082 1959 1122 2013 fa-

252 2048 360 2102 miliam
378 2052 408 2103 et
420 2048 535 2102 domum
547 2048 669 2103 alienam
681 2049 822 2105 transfert.
848 2048 1041 2102 Pnr1n1snns:
1060 2050 1077 2100 1.
1092 2055 1121 2102 11

563 2203 565 2208 Ι
650 2140 701 2199 Μ
722 2135 1026 2201 D.deton.poss.87‚
1047 2141 1087 2187 11.

304 2219 347 2274 Ex
365 2217 500 2288 adoptivo
519 2222 603 2275 natus
623 2219 755 2290 adoptivi·
768 2220 862 2281 locum
881 2219 999 2274 obtinet.

554 2305 707 2359 lonnnns:
727 2308 743 2360 1.
763 2314 794 2362 27
815 2307 847 2359 D.
866 2309 898 2374 de
916 2307 1003 2374 adopt.
1024 2314 1046 2367 1,
1067 2313 1089 2363 7.

309 2390 490 2460 Adoptantur
506 2390 691 2456 filiifamilias3
719 2395 899 2462 arrogantur,
922 2391 972 2460 qui
995 2390 1038 2444 sui
1055 2389 1124 2443 iun's

255 2479 329 2530 sunt.
365 2476 565 2530 Monnsrlnus:
584 2480 601 2534 1.
622 2488 634 2534 l
655 2478 688 2530 Ι).
705 2481 738 2532 de
755 2481 843 2546 adopt.
863 2487 885 2541 1,
905 2486 928 2532 7.

569 2657 812 2736 Adventitium.

307 2767 502 2822 Adventitium
529 2771 584 2832 est,
612 2769 689 2837 quod
715 2768 829 2823 aliunde
857 2767 973 2824 advenit
999 2783 1084 2834 quam
1107 2782 1125 2818 a

204 2909 207 2914 ,
254 2856 336 2922 patre
355 2854 400 2907 vel
418 2854 541 2908 domino.
