2634 3556
688 309 849 385 w.

273 508 330 560 qua
348 490 450 560 agitur,
468 473 627 560 perimunt3'
642 490 865 562 —temporales
885 491 972 556 atque
985 487 1146 553 dilatoriae,
1191 495 1192 500 ’

273 592 346 646 quae
369 576 406 629 ad
427 567 540 644 tempue
567 577 672 628 nocent
690 576 728 627 'et
754 571 891 643 temporis
910 571 1075 629 dilationem
1097 573 1145 628 tn'·

272 664 373 717 buunt.
410 662 427 730 ἓ
446 668 469 715 9.
491 667 523 714 10
541 660 567 714 J.
585 662 618 712 de
635 664 739 726 except.
758 668 783 722 4,
803 666 842 714 13.

322 747 412 802 Nemo
424 745 591 817 prohibetur
602 743 730 814 pluribus
744 743 958 814 exceptionibus
977 743 1028 808 uti,
1047 761 1147 813 quam·

272 834 313 888 vie
333 831 462 887 diver'sae
481 833 555 885 sunt.
590 831 725 884 PAULUS:
744 833 761 888 l.
780 838 795 886 8
815 831 848 885 1).
866 832 899 884 de
916 835 1014 898 except
1029 837 1072 894 44,
1088 839 1109 884 1.
1165 859 1170 866 ·

324 918 378 985 Qui
401 917 438 972 ad
460 917 601 986 agendum
624 915 795 979 admittitur,
819 919 864 970 est
886 916 923 970 ed
946 914 1147 985 excipiendum

236 1029 238 1036 v
271 1004 360 1059 multo
378 1002 470 1072 magis
489 1001 691 1057 admittendus.
721 1017 742 1055 e.
763 1010 793 1056 71
813 1004 846 1054 dc
864 1001 934 1055 aJ.
954 1003 981 1054 in
1000 1006 1043 1056 tto
1062 1008 1144 1065 5,12.

324 1089 401 1154 Quae
416 1089 453 1144 ad
465 1087 607 1157 agendum
620 1091 687 1142 eunt
698 1086 875 1156 temporalia,
894 1087 931 1140 ad
946 1087 1145 1158 excipiendum

274 1178 339 1229 eunt
355 1176 503 1244 perpetua.

323 1259 415 1329 Agere
435 1259 521 1314 etiam
538 1258 563 1312 is
577 1257 697 1322 videtur,
716 1257 765 1326 qui
778 1257 944 1327 exceptione
957 1258 1057 1313 utitur:
1075 1276 1146 1313 nam

272 1363 336 1400 reue
358 1345 389 1399 in
411 1343 576 1413 exceptione
600 1347 679 1398 actor
701 1348 752 1399 eet.
788 1344 954 1397 ULPIANUS:
981 1346 998 1399 Ι.
1026 1345 1093 1402 1D.
1112 1347 1148 1399 de

897 1436 1002 1500 except.
1019 1437 1061 1493 44,
1082 1437 1105 1483 1.

322 1515 399 1570 Reus
419 1514 583 1585 excipiendo
602 1515 635 1568 fit
653 1518 738 1570 actor.

321 1600 449 1664 Actionis
472 1601 558 1656 verbo
576 1617 635 1654 non
653 1599 813 1655 continetur
835 1599 973 1670 exceptio.
1007 1600 1146 1656 Pennus:

731 1688 747 1740 l.
767 1693 782 1741 8
802 1686 835 1740 D.
852 1689 885 1739 de
908 1687 935 1740 V.
955 1686 982 1740 S.
1002 1694 1043 1750 50,
1066 1695 1107 1746 16.

322 1769 386 1827 Non
403 1771 500 1840 utique
519 1771 695 1826 existimatur
713 1770 839 1826 confiteri
856 1771 891 1826 de
914 1771 1070 1827 intentione
1092 1773 1142 1826 ad·

270 1857 424 1921 versarius,
458 1873 582 1926 quocum
611 1856 716 1926 agitur,
751 1856 819 1924 quia
848 1857 1014 1926 exceptione
1044 1857 1143 1913 utitur.

182 1983 183 1986 ¹
270 1945 466 1997 Menexenus:
485 1945 502 1995 l.
521 1949 536 1997 9
555 1943 588 1996 D.
601 1945 639 1995 ‘de
657 1948 760 2010 except.
779 1950 821 2006 44,
840 1950 853 1996 1
873 1940 927 2010 (cs.
945 1959 966 1996 c.
980 1950 1012 1998 63
1025 1946 1057 1997 de
1070 1945 1145 1998 R.J.

724 2018 725 2026 ’
895 2031 926 2092 m,
941 2033 982 2082 cto
1002 2035 1025 2091 5,
1044 2036 1103 2094 12).

323 2113 379 2180 Qui
398 2113 511 2182 excipit,
529 2129 587 2167 uon
603 2112 715 2168 fatetur.

320 2199 384 2254 Non
403 2197 524 2262 enimin
541 2215 621 2253 mora
639 2197 736 2262 estis,
761 2215 779 2252 a
802 2214 858 2266 quo
880 2199 1003 2267 pecunia
1024 2204 1146 2269 propter

248 2272 465 2354 ¹exceptionem
490 2284 550 2354 peti
576 2301 633 2339 non
655 2287 759 2354 potest.
794 2284 928 2338 Pinnos:
957 2287 973 2338 1.
996 2285 1036 2339 40'
1053 2287 1085 2340 D.
1110 2289 1146 2340 de

322 2377 346 2396 ”
851 2370 911 2424 reb.
930 2372 1001 2423 cred.
1023 2377 1062 2433 12,
1083 2377 1106 2424 1.

278 2507 280 2511 .
319 2456 384 2510 Non
407 2453 502 2510 estin
524 2471 614 2518 mora,
638 2455 686 2523 q'ui
706 2458 804 2524 potest
826 2455 990 2525 exceptione
1012 2454 1145 2525 legitima

271 2558 300 2595 ee
318 2541 400 2596 tueri.
436 2557 460 2594 ο.
480 2547 512 2595 60
530 2544 563 2594 de
581 2540 613 2594 R.
632 2541 657 2593 J.
677 2543 704 2592 in
723 2546 765 2595 tto
783 2547 807 2603 5,
828 2547 867 2594 12.

320 2627 384 2680 Non
395 2626 506 2680 videtur
519 2625 635 2695 cepisse,
653 2626 702 2694 qui
713 2643 765 2695 per
773 2625 968 2695 exceptionem
977 2642 994 2679 a
1002 2625 1143 2695 petitione

268 2715 436 2768 removetur.
473 2712 638 2766 ULPIANUS:
654 2714 673 2764 'L
695 2718 725 2767 12
745 2713 777 2765 Ι).
795 2713 828 2765 de
847 2713 879 2765 R.
898 2713 923 2764 J.
942 2718 982 2774 50,
1003 2719 1042 2765 17.

319 2797 501 2852 Possidentes
515 2797 717 2867 exceptionem,
736 2814 794 2850 non
805 2795 984 2866 possidentes
998 2796 1143 2851 actionem

268 2881 383 2936 habent.
756 2929 760 2941 .
1101 2874 1104 2882 ¹

276 2965 279 2970 '
318 2966 456 3038 Exceptio
473 2967 503 3022 in
520 2967 580 3024 iure
598 2967 675 3024 tertii
692 2968 813 3023 fundata
829 2967 935 3023 nemini
952 2967 1070 3038 proficit.
1117 2976 1121 2982 '

268 3073 270 3076 ’
319 3053 455 3124 Exceptio
474 3055 566 3110 firmat
582 3056 710 3126 regulam
728 3054 769 3123 (in
787 3054 908 3114 casibus¹
919 3071 977 3109 non
995 3053 1142 3124 exceptis).
