2634 3556
587 301 671 392 n

225 496 309 550 Nulla
327 500 371 550 est
388 497 524 562 venditio,
543 497 654 566 quoties
671 497 701 550 in
719 497 838 552 materie.
856 501 971 552 erretur.

279 581 445 635 UnPIAnUs:
464 585 481 636 l.
500 588 515 636 9
535 584 552 651 ἕ
572 591 584 636 1
605 583 639 636 1).
658 585 691 636 de
708 583 826 638 contrat.
847 588 905 637 emt.
926 590 965 648 18,
986 592 1008 638 1.

222 666 300 720 Nihil
316 666 386 721 feeit
403 683 480 721 error
502 667 631 732 nominis,
657 685 720 722 eum
738 668 774 722 de
793 685 910 738 corpore
923 672 1004 723 const
1023 673 1045 724 t.

278 752 444 807 ULPIANUS:
463 754 481 806 I.
500 760 515 806 s
535 754 552 822 ᾖ
573 761 585 807 1
604 754 639 806 11.
658 755 690 808 de
708 755 829 808 contrat.
847 760 905 808 emt.
926 761 965 818 18,
986 764 1008 809 1.
1109 768 1112 772 ’

223 837 294 893 Cum
316 837 346 891 in
369 855 486 906 corpore
510 838 702 902 dissentiatur,
721 842 840 908 apparet
856 840 963 893 nullam
981 856 1043 894 esse

170 924 333 978 emtionem.
357 923 521 976 Unrmuus:
541 927 557 978 1.
577 930 592 978 9
605 941 652 993 pr.
665 925 699 978 I).
712 927 745 977 de
756 926 882 998 contrat.
894 932 951 980 emt.
967 933 1005 990 18,
1020 935 1044 980 1.

223 1008 253 1063 Si
269 1008 308 1074 id,
326 1008 403 1077 quod
420 1025 489 1077 pure
509 1008 572 1072 emi,
592 1009 643 1062 sub
662 1009 823 1063 conditione
835 1029 930 1065 rursus
943 1028 1043 1076 emam,

169 1094 242 1148 nihil
259 1094 352 1166 egitur
369 1093 525 1163 posteriore
544 1094 676 1148 emtione.
699 1094 833 1150 Pennus:
852 1098 1045 1165 I.1pr.l).de

282 1207 284 1214 ·
699 1185 813 1236 rescind.
831 1185 904 1236 vend.
925 1191 964 1246 18,
983 1191 1007 1238 1.

224 1265 390 1320 Contractus
420 1264 580 1334 imaginarii
608 1265 694 1319 etiem
720 1266 749 1319 in
781 1266 950 1322 emtionibus
975 1267 1045 1322 iuris

169 1351 315 1405 vinculum
331 1368 389 1405 non
408 1351 546 1415 obtinent,
565 1367 628 1404 oum
646 1351 715 1407 fides
733 1352 802 1407 faeti
823 1353 969 1407 simuletur
985 1370 1043 1408 non

169 1436 365 1491 intercedente
383 1435 510 1490 veritate.
546 1437 756 1491 Monnsmuus:
775 1441 792 1491 l.
811 1439 896 1493 541).
915 1441 948 1492 de
970 1439 997 1492 0.
1017 1445 1043 1492 et

868 1527 903 1577 A.
922 1533 964 1588 44,
984 1533 1007 1578 1.

221 1606 305 1660 Nuda
328 1610 356 1660 et
381 1605 548 1675 imaginarie.
574 1608 701 1662 venditio
727 1625 779 1679 pro
806 1627 863 1664 non
889 1611 965 1664 seete
991 1613 1044 1664 est.

363 1692 499 1745 Pronus:
519 1695 535 1745 l.
555 1694 903 1750 55D.decontrat.em1.
924 1705 964 1760 18,
985 1704 1007 1750 1.

222 1777 394 1848 imaginarie.
410 1777 537 1833 venditio
555 1795 612 1833 non
630 1783 674 1834 est
690 1780 782 1850 pretio
802 1781 964 1835 accedente.
1009 1782 1012 1788 '

434 1863 600 1917 Unrmuus:
618 1867 636 1918 l.
656 1873 687 1920 16
707 1866 739 1919 D.
758 1867 790 1919 de
809 1867 842 1920 R.
861 1867 885 1919 J.
905 1874 947 1930 50,
967 1875 1006 1921 17.

221 1949 255 2002 In
268 1949 460 2004 contrahendo
471 1950 634 2004 venditione
648 1950 810 2020 ambiguum
819 1955 934 2020 paetum
944 1956 1045 2007 eontra.

170 2035 348 2090 venditorem
369 2035 612 2109 interpretandum
634 2039 685 2090 est.
721 2036 855 2090 prmus:
886 2039 903 2090 1.
928 2045 976 2091 112
995 2054 1044 2106 pr.

708 2123 741 2175 Ι).
760 2125 793 2175 de
811 2123 844 2176 R.
862 2124 888 2176 J.
907 2129 948 2186 50,
968 2131 1008 2177 17.

223 2207 252 2261 Si
277 2206 328 2260 sub
352 2207 515 2262 conditione
538 2206 623 2261 emtio
647 2207 724 2262 fecte.
745 2208 794 2271 sit,
816 2208 958 2276 pendente
979 2225 1043 2263 con·

172 2281 290 2347 ditione
304 2296 393 2347 emtor
414 2311 468 2347 usu
489 2310 547 2346 non
570 2292 653 2362 oepit.
691 2292 828 2349 'Pronum
851 2295 868 2346 I.
893 2300 908 2346 2
932 2294 948 2361 ἓ
972 2301 986 2346 2
1009 2294 1045 2347 11.

308 2375 310 2378 ’
733 2394 789 2445 pro
808 2384 965 2442 emtore'4'1‚
984 2387 1024 2434 3.·

221 2461 332 2516 Emtori
351 2461 437 2517 etiem
454 2462 608 2518 venditoris
625 2462 687 2516 iure.
704 2464 838 2533 prodesse
856 2480 913 2517 non
925 2463 1044 2533 ambigi-

170 2551 224 2602 tur.
261 2549 290 2601 1.
310 2555 341 2602 28
364 2549 389 2602 0.
407 2550 441 2600 de
458 2546 626 2602 evictionibus
644 2556 668 2612 8,
686 2557 728 2603 45.

210 2633 258 2689 .Id
270 2637 381 2702 tempus
392 2633 547 2688 venditoris
560 2634 677 2703 prodest
690 2633 798 2698 emtori,
812 2651 877 2703 quo,
891 2637 1044 2702 antequem

171 2718 315 2782 venderet,
329 2719 463 2789 possedit.
485 2719 619 2776 Pronus:
634 2722 650 2773 Ι.
668 2727 700 2774 14
704 2736 751 2788 pr.
762 2720 795 2773 D.
806 2722 839 2772 de
849 2735 957 2786 usucap.
966 2726 1008 2782 41,
1019 2723 1044 2771 3.

224 2803 335 2859 Emtori
351 2808 464 2874 tempus
482 2804 636 2858 venditoris
656 2805 693 2858 ed
704 2804 907 2874 usucapionem
918 2802 1043 2872 prodest.

223 2891 393 2958 Plerumque
417 2890 531 2944 emtoris
556 2888 657 2944 eedem
680 2906 765 2944 oense.
784 2907 844 2945 esse
864 2889 950 2943 debet
968 2887 1044 2941 eirea.

172 2975 329 3046 petendum
347 2992 380 3029 ae
399 2974 616 3040 defendendum,
635 2993 707 3044 quee
725 2975 779 3029 fuit
797 2973 927 3029 auetoris.

348 3061 515 3118 Unrmuus:
533 3063 550 3114 l.
571 3067 619 3118 156
639 3063 655 3131 5
675 3071 689 3118 3
709 3062 741 3116 Ι).
760 3063 792 3115 de
810 3061 843 3114 Β.
862 3061 887 3114 J.
907 3067 947 3123 50,
968 3067 1008 3114 11.
1098 3061 1099 3064 ’
