2666 3560
516 287 721 424 'er‘

186 491 262 542 Lex
278 489 420 558 posterior
437 488 577 558 generalis
596 505 653 542 non
665 488 785 558 derogat
796 487 882 556 priori
895 487 1021 580 speciali.

205 574 262 628 Lex
280 575 412 644 speoi'alis
431 575 550 644 derogat
568 574 748 643 generalis

202 658 256 722 lla,
275 676 348 729 quae
367 657 466 714 eontra
482 660 561 729 leges
580 659 662 721 fiunt,
685 677 737 728 pro
760 659 873 715 infectis
891 659 1022 713 habenda

150 749 242 800 sunt«
264 748 292 799 L.
314 747 412 814 1451
437 747 463 799 Β.
481 748 514 798 de
530 760 631 799 sacros.
651 747 713 799 eccl.
734 753 757 809 1,
776 751 799 799 2.

203 831 311 886 Contra
329 832 423 901 legem
440 830 516 895 facit,
536 831 584 900 qui
597 831 626 884 id
638 831 717 893 faoit,
735 829 812 899 quod
824 831 870 886 lex
882 829 1021 900 prohibet.

493 914 629 968 Partus:
649 919 665 970 1.
685 923 717 971 29
736 917 769 970 Β.
788 918 821 969 de
838 913 902 984 leae.
923 924 945 978 1,
965 922 988 970 3.

203 1001 276 1056 Cum
303 1001 371 1069 quid
397 1002 576 1078 prohibetur,
603 1001 790 1072 prohibentur
817 1001 922 1074 ornnia
950 1003 1023 1069 quae

149 1081 311 1164 sequuntur
329 1105 363 1141 ex
380 1087 439 1142 illo.
475 1103 496 1140 c.
515 1095 547 1142 39
567 1089 599 1141 de
617 1089 651 1143 R.
669 1088 694 1140 J.
714 1089 741 1140 in
759 1093 802 1142 tto
820 1095 844 1150 5,
866 1095 905 1141 12.

153 1200 158 1204 -
204 1173 276 1227 Cum
294 1173 362 1241 quid
379 1191 435 1227 una
453 1173 499 1227 ria
515 1171 681 1242 prohibetur
697 1172 791 1236 alicui,
809 1171 846 1225 ad
858 1172 887 1225 id
899 1171 955 1227 alia
967 1190 1024 1226 non

139 1259 241 1314 'debet
258 1258 376 1313 admitti.
412 1274 434 1314 o.
452 1265 486 1312 84
503 1261 536 1312 de
554 1259 587 1312 R.
606 1259 631 1311 J.
651 1263 677 1310 in
696 1264 739 1313 610
757 1265 781 1320 5,
802 1265 841 1312 12.

203 1343 270 1398 Non
288 1343 435 1414 exemplie‚
456 1344 506 1398 sed
524 1343 636 1415 legibus
656 1346 700 1398 est
717 1343 907 1396 iudicandum.
944 1345 972 1396 L.
993 1351 1024 1398 13

565 1416 568 1422 ¹
657 1431 683 1486 C
701 1431 734 1484 de
752 1431 930 1492 sententiis'l,
948 1436 989 1483 45.

205 1514 270 1568 Non
286 1515 455 1583 praebemus
474 1514 690 1577 luxuriantibus,
710 1514 761 1569 sed
774 1517 851 1569 caste
864 1512 1024 1569 viventibus

654 1600 756 1670 legem.
793 1602 856 1654 Noa.
877 1609 947 1658 180.
967 1609 990 1655 5

206 1683 312 1739 Durum
329 1686 384 1740 hoo
404 1690 455 1749 est,
475 1685 526 1740 sed
542 1685 583 1741 ita
600 1687 646 1740 lex
659 1686 765 1756 scripta
778 1691 829 1740 est.
810 1687 1023 1740 tUnPnenus:

447 1775 515 1826 112
535 1773 552 1841 g
574 1781 585 1826 1
607 1773 638 1826 Β.
657 1774 990 1840 quietaquzffbuslot

207 1929 266 1996 Lex
276 1946 326 2006 est,
337 1943 412 2011 quod
422 1944 543 2013 populus
553 1943 696 1997 Romanus
706 1943 847 1998 senatorio
858 1944 1025 2013 magistratu

151 2030 346 2098 interrogante
374 2028 463 2083 veluti
491 2029 605 2084 consule
634 2029 834 2084 constituebat.
871 2030 888 2098 ἕ
911 2037 927 2083 4
948 2031 973 2083 J.
992 2034 1025 2083 de

763 2119 831 2182 jore
849 2122 903 2168 niet.
923 2123 946 2180 1,
966 2127 989 2170 2.

311 2259 315 2266 '
393 2269 401 2318 ,·
423 2258 548 2314 Liberi.
579 2260 751 2315 Parentes.

206 2370 372 2424 Liberorum
400 2369 553 2438 appellatio
581 2386 678 2423 omnes
711 2369 917 2425 descendentes
951 2389 1023 2426 oom-

151 2456 295 2525 plectitur.
380 2455 383 2460 ’

205 2539 339 2594 Filiorum
358 2539 550 2610 appellatione
569 2557 674 2601 omnes,
693 2539 742 2608 qui
761 2557 795 2594 ex
812 2541 894 2595 nobis
908 2543 1023 2597 deseen-

153 2626 234 2689 dunt‚
259 2627 445 2704 eontinentur.
482 2627 722 2680 GALMSTRATUS:
751 2629 767 2679 l.
792 2634 841 2680 220
855 2628 882 2696 ’ἓ
906 2635 921 2682 3
941 2629 973 2680 Β.
992 2631 1025 2681 do

793 2713 819 2765 V.
840 2711 868 2766 S.
886 2719 927 2775 50,
949 2720 990 2767 16.

205 2797 268 2852 Una
291 2800 334 2852 est
357 2798 486 2852 omnibus
509 2797 673 2867 parentibus
698 2797 836 2852 servanda
857 2797 1023 2852 reverentia.

421 2884 554 2937 PAULUS:
573 2885 590 2937 l.
610 2890 623 2937 6
643 2882 676 2936 Β.
695 2884 727 2937 de
746 2886 833 2950 injus
851 2891 947 2946 veel,
965 2891 989 2944 4.

205 2970 302 3024 Pietas
312 2970 486 3039 parentibus
497 2973 526 3023 e
528 2988 551 3023 ει
543 2969 718 3036 inaequalis
730 2985 759 3023 es
762 2972 1024 3038 teorumpotestas,

153 3073 246 3124 aequa
259 3055 415 3110 debebr
445 3055 609 3110 uernans:
628 3057 645 3108 l.
665 3056 726 3109 41).
739 3055 909 3121 decursio·
929 3062 1023 3117 27,10.

836 3147 850 3194 6
