2698 3558
283 463 390 522 attinet
416 461 453 520 ad
480 461 558 521 mult
545 466 589 521 tas
616 461 689 521 iuris
718 459 890 532 doctrinas,
907 460 956 518 vel
981 457 1088 516 nulla'e
1102 477 1144 516 re·

282 567 448 656 pariuntur,
471 565 518 624 vel
538 583 597 623 non
618 569 664 622 sat
664 563 702 622 is
651 565 819 623 tmultae
841 582 951 638 eaeque
973 581 1032 620 non
1051 547 1165 630 totam,

282 669 436 742 materiam
461 662 700 744 complectentes
745 667 839 732 Immo
863 685 932 724 vero
955 665 1004 723 hic
1025 655 1145 723 libellus

274 773 493 850 'supplementa
493 792 523 829 m
539 771 691 831 rationis
684 771 757 830 ruris
773 770 898 830 Romani
912 769 968 828 vel
980 763 1144 828 communis
1192 849 1194 852 y

254 916 255 919 =
283 879 329 942 et,
347 875 555 951 repetitorium
592 893 656 934 esse
687 875 761 933 vult.
819 874 897 932 Eum
932 871 1077 942 ordinem,
1114 869 1145 928 in
1180 922 1181 926 ,

284 998 373 1054 quem
395 979 537 1048 formulas
560 978 676 1054 redegi,
706 977 776 1036 usui
799 975 987 1052 aptissimum
1014 973 1146 1032 omnium

283 1101 347 1141 osse
363 1083 481 1158 putavi3
499 1081 744 1141 commentarium
755 1083 863 1152 autern,
881 1098 941 1154 quo
958 1078 1059 1137 addito
1071 1076 1144 1146 fore,

282 1190 318 1243 ut
341 1205 356 1244 e
383 1185 484 1245 libello
511 1185 588 1245 liber
612 1185 678 1256 fiat,
710 1203 831 1244 necesse
860 1186 918 1255 est,
948 1167 1146 1240 omittendum

249 1305 253 1315 '
285 1309 348 1349 csse
378 1287 494 1364 putavi,
527 1287 702 1364 praesertim
730 1307 798 1346 cum
828 1285 972 1363 plurimae
1000 1283 1146 1343 formulae

284 1394 357 1453 iuris
386 1391 631 1452 commentarium
658 1392 705 1450 vel
730 1410 790 1450 non
817 1390 999 1461 desiderent,
1027 1386 1075 1446 vel
1102 1405 1146 1444 ex-

284 1497 399 1571 positae
415 1496 603 1555 inveniantur
625 1495 656 1552 in
672 1493 851 1566 enchiridiis,
875 1494 906 1551 in
926 1493 1035 1570 quibus
1056 1491 1146 1548 huius
1233 1529 1237 1536 .

286 1583 476 1675 potissimum
486 1599 603 1675 generis
613 1598 757 1657 formulae
773 1597 914 1674 explicari
930 1597 1035 1656 solent.
1058 1595 1093 1654 In
1107 1596 1147 1655 lo-

287 1703 328 1762 eis
343 1703 486 1762 asterisco
503 1697 546 1777 (a)
564 1702 725 1779 designatis
741 1722 757 1760 a
779 1702 877 1761 verbis
893 1701 1023 1760 auctoris
1036 1699 1147 1760 recessi

288 1825 381 1880 caque
404 1806 494 1881 paulo
517 1810 634 1865 mutata
656 1805 788 1865 reddidi:
817 1804 1013 1865 indicativum
1033 1823 1087 1880 pro
1108 1804 1148 1861 in·
1224 1838 1227 1842 -

285 1908 399 1967 finit-ivo
414 1909 504 1983 posui
520 1911 641 1985 atquae
658 1913 727 1969 sunt
742 1909 859 1985 generis
879 1908 1026 1968 eiusmodi
1043 1909 1149 1966 cetera.

349 2011 438 2069 Haud
464 2012 569 2088 ignoro
597 2012 700 2089 augeri
732 2011 924 2088 supplerique
956 1995 1045 2086 posse
1076 2011 1150 2069 haec

288 2113 467 2172 collectanea
495 2118 525 2173 et
550 2115 717 2191 gratissime
745 2115 856 2188 omnia,
890 2134 1085 2191 quaecunque
1114 2112 1151 2172 ad

286 2216 362 2274 hanc
384 2235 447 2274 rem
470 2221 605 2292 spectent
627 2217 779 2292 accipiam.

351 2318 450 2375 Velim
476 2319 551 2378 hanc
583 2319 743 2378 editionem
773 2319 862 2379 huius
895 2321 1034 2397 opusculi
1062 2341 1151 2398 quarn

287 2415 389 2480 multis
413 2421 484 2480 viris
508 2421 604 2481 doctis
628 2442 661 2482 ac
680 2422 805 2481 maxime
830 2421 951 2498 quidem
974 2425 1020 2496 iia,
1046 2424 1151 2501 quiin

288 2523 361 2580 iuris
378 2523 550 2599 disciplinae
566 2524 673 2584 studiis
689 2530 854 2597 versentur,
871 2529 1021 2602 acceptam
1037 2528 1151 2586 utilem·
1175 2589 1176 2592 ,

290 2644 348 2698 que
372 2644 437 2683 esse
461 2625 601 2685 futuram.
1097 2610 1098 2613 Ἴ
