2698 3558
602 323 641 385 75

184 493 304 559 propter
320 489 445 558 aliquam
463 488 615 543 utilitatem
633 490 802 544 auctoritate
826 489 1060 544 constituentium

183 575 379 629 introductum
396 578 447 630 est.
482 575 617 628 Pnunus:
636 571 652 629 1.
674 581 704 629 16
723 577 757 630 D.
776 579 808 629 de
826 578 890 644 leqq.
910 584 933 638 1,
953 581 976 629 3.

529 738 588 792 Ius
610 737 719 795 civile.

238 848 286 902 Ius
306 846 387 902 civile
406 850 458 910 est,
477 847 554 916 quod
572 847 690 916 quisque
709 848 831 918 populus
850 847 905 902 sibi
916 846 978 917 ipse
992 863 1057 901 oon-

183 930 322 988 stituit*
341 933 448 988 GAIUS:
467 929 484 986 l.
505 940 519 987 9
538 935 571 987 Ι).
593 937 626 988 de
636 938 706 1001 just.
729 944 749 996 1,
771 942 792 987 1.

238 1020 304 1076 Iura
322 1018 465 1089 sanguinis
483 1020 561 1074 nullo
578 1019 642 1085 iure¹
659 1019 735 1074 civili
754 1019 847 1074 dirimi
864 1021 993 1089 possunt.

445 1105 632 1158 Pannonius:
651 1103 668 1159 l.
687 1113 702 1160 8
720 1107 754 1160 D.
774 1109 806 1160 de
824 1107 858 1160 R.
876 1106 901 1158 J.
920 1113 961 1168 50,
982 1113 1022 1158 11.

238 1191 384 1247 Naturalia
405 1191 468 1246 iura
492 1189 581 1244 civilis
605 1191 677 1245 ratio
704 1191 843 1260 perimere
870 1208 927 1245 non
953 1193 1058 1259 potest.

667 1277 734 1345 §ll
755 1278 779 1332 J.
798 1279 831 1331 de
848 1277 936 1330 iered.
956 1283 980 1339 3,
1001 1286 1023 1330 1.

239 1361 335 1416 Civilis
353 1362 425 1417 ratio
445 1361 539 1416 civilia
557 1361 671 1430 quidem
689 1362 750 1416 ima
762 1363 1059 1432 conumperespotest,

184 1447 328 1502 naturalia
355 1463 420 1502 vero
447 1465 506 1502 non
531 1447 637 1516 utique.
674 1447 780 1502 GAIUS:
808 1445 824 1501 1.
848 1448 919 1502 81).
943 1449 975 1500 de
997 1461 1056 1514 cup.

620 1547 622 1554 ·
873 1535 932 1585 min.
951 1541 976 1594 4,
995 1540 1020 1587 5.

498 1696 558 1750 Ius
581 1695 744 1766 gentium.

237 1805 284 1860 lus
303 1805 431 1876 gentium
449 1809 505 1870 est,
528 1806 604 1876 quod
621 1806 756 1862 naturalis
775 1806 847 1861 ratio
866 1806 941 1860 inter
959 1821 1057 1859 omnes

184 1889 314 1945 homines
334 1891 487 1946 constituit.
524 1892 630 1946 Gnms:
649 1891 666 1946 1.
686 1899 701 1946 9
720 1895 753 1947 D.
772 1896 805 1946 de
814 1897 883 1959 just.
905 1900 926 1954 1,
948 1899 970 1947 1.

238 1976 285 2030 Ius
304 1977 431 2046 gentium
450 1981 501 2039 est,
520 1995 575 2046 quo
595 1982 694 2047 gentes
712 1978 854 2033 humanae
875 1980 956 2031 utunt
990 2018 996 2029 .

449 2064 614 2118 UnPIANus:
633 2063 650 2118 l.
669 2073 681 2118 1
702 2066 720 2134 g
738 2071 754 2118 4
773 2067 806 2119 D.
825 2066 935 2129 dejust.
957 2073 979 2125 1,
999 2069 1023 2115 l.

463 2225 522 2280 Ius
544 2212 776 2282 honorarium.

236 2335 284 2390 Ius
302 2335 484 2389 honorarium
501 2335 615 2400 dicitur,
639 2337 714 2404 quod
738 2337 773 2392 ab
792 2336 898 2390 honore
916 2334 1055 2406 praetoris

183 2423 308 2474 venerat.
343 2420 531 2475 POMPONIUS:
550 2425 567 2476 l.
586 2429 600 2476 ‘2
619 2423 636 2491 ἦ
657 2429 688 2476 10
707 2424 740 2477 D.
759 2425 792 2476 de
808 2425 874 2489 orio.
885 2425 947 2490 jur.
967 2429 991 2485 1,
1009 2429 1033 2478 2.

495 2585 555 2639 Ius
577 2585 743 2640 naturale.

236 2692 283 2746 Ius
302 2693 430 2747 naturale
449 2696 504 2758 est,
525 2695 601 2762 quod
619 2697 720 2749 natura
739 2693 833 2748 omnia
852 2693 985 2748 animalia
1005 2694 1053 2748 do·

182 2775 251 2832 cuit.
286 2777 861 2848 Uinnius21.1§31›.dej1ast.1‚1.

234 2861 380 2916 Naturalia
405 2863 467 2918 iura
494 2864 583 2919 civilis
611 2863 682 2918 ratio
709 2865 846 2933 perimere
870 2881 927 2919 non
948 2867 1055 2934 potest.

663 2951 679 3019 5
701 2959 729 3004 11
749 2953 775 3005 J.
793 2953 826 3004 de
843 2952 933 3005 tered.
953 2958 976 3012 3,
996 2958 1020 3004 1.

236 3033 332 3088 Civilis
351 3033 423 3090 ratio
443 3034 536 3089 civilia
554 3035 669 3104 quidem
680 3035 744 3090 iura
757 3052 934 3106 corrumpere
948 3039 1053 3104 potest,
