<?xml version="1.0" encoding="UTF-8"?>
<!DOCTYPE html PUBLIC "-//W3C//DTD XHTML 1.0 Transitional//EN"
    "http://www.w3.org/TR/xhtml1/DTD/xhtml1-transitional.dtd">
<html xmlns="http://www.w3.org/1999/xhtml" xml:lang="en" lang="en">
 <head>
  <title>
</title>
<meta http-equiv="Content-Type" content="text/html;charset=utf-8" />
  <meta name='ocr-system' content='tesseract 3.04.00' />
  <meta name='ocr-capabilities' content='ocr_page ocr_carea ocr_par ocr_line ocrx_word'/>
</head>
<body>
  <div class='ocr_page' id='page_1' title='image "./regulaeiuris00fromgoog_0087.png"; bbox 0 0 2666 3560; ppageno 0'>
   <div class='ocr_carea' id='block_1_1' title="bbox 696 309 736 374">
    <p class='ocr_par' dir='ltr' id='par_1_1' title="bbox 696 309 736 374">
     <span class='ocr_line' id='line_1_1' title="bbox 696 309 736 374; baseline 0.075 -3"><span class='ocrx_word' id='word_1_1' title='bbox 696 309 736 374; x_wconf 76' lang='lat'>78</span> 
     </span>
    </p>
   </div>
   <div class='ocr_carea' id='block_1_2' title="bbox 642 519 789 576">
    <p class='ocr_par' dir='ltr' id='par_1_2' title="bbox 642 519 789 576">
     <span class='ocr_line' id='line_1_2' title="bbox 642 519 789 576; baseline -0.007 -1"><span class='ocrx_word' id='word_1_2' title='bbox 642 519 789 576; x_wconf 81' lang='lat' dir='ltr'>Iustitia.</span> 
     </span>
    </p>
   </div>
   <div class='ocr_carea' id='block_1_3' title="bbox 280 638 1163 806">
    <p class='ocr_par' dir='ltr' id='par_1_3' title="bbox 280 638 1163 806">
     <span class='ocr_line' id='line_1_3' title="bbox 334 638 1163 718; baseline -0.023 -11"><span class='ocrx_word' id='word_1_3' title='bbox 334 652 448 706; x_wconf 85' lang='lat' dir='ltr'>Iustitia</span> <span class='ocrx_word' id='word_1_4' title='bbox 467 654 512 705; x_wconf 88' lang='lat' dir='ltr'>est</span> <span class='ocrx_word' id='word_1_5' title='bbox 529 653 664 705; x_wconf 79' lang='lat' dir='ltr'>constans</span> <span class='ocrx_word' id='word_1_6' title='bbox 678 652 708 703; x_wconf 88' lang='lat' dir='ltr'>et</span> <span class='ocrx_word' id='word_1_7' title='bbox 718 649 858 718; x_wconf 82' lang='lat' dir='ltr'>perpetua</span> <span class='ocrx_word' id='word_1_8' title='bbox 869 645 1004 699; x_wconf 83' lang='lat' dir='ltr'>voluntas</span> <span class='ocrx_word' id='word_1_9' title='bbox 1016 638 1060 693; x_wconf 84' lang='lat' dir='ltr'>ius</span> <span class='ocrx_word' id='word_1_10' title='bbox 1074 653 1163 691; x_wconf 73' lang='lat' dir='ltr'>nuum</span> 
     </span>
     <span class='ocr_line' id='line_1_4' title="bbox 280 729 1163 806; baseline -0.022 -14"><span class='ocrx_word' id='word_1_11' title='bbox 280 738 386 806; x_wconf 75' lang='lat' dir='ltr'>auique</span> <span class='ocrx_word' id='word_1_12' title='bbox 405 735 556 791; x_wconf 78' lang='lat' dir='ltr'>tribuendi.</span> <span class='ocrx_word' id='word_1_13' title='bbox 586 735 752 788; x_wconf 73' lang='lat' dir='ltr'>ULPIANUS:</span> <span class='ocrx_word' id='word_1_14' title='bbox 771 732 788 787; x_wconf 79' lang='lat' dir='ltr'>l.</span> <span class='ocrx_word' id='word_1_15' title='bbox 809 741 840 788; x_wconf 87' lang='lat'>10</span> <span class='ocrx_word' id='word_1_16' title='bbox 855 748 902 800; x_wconf 82' lang='lat' dir='ltr'>pr.</span> <span class='ocrx_word' id='word_1_17' title='bbox 916 731 949 782; x_wconf 77' lang='lat'>1).</span> <span class='ocrx_word' id='word_1_18' title='bbox 968 731 1001 781; x_wconf 83' lang='lat' dir='ltr'>de</span> <span class='ocrx_word' id='word_1_19' title='bbox 1011 729 1081 793; x_wconf 80' lang='lat' dir='ltr'>just.</span> <span class='ocrx_word' id='word_1_20' title='bbox 1097 733 1120 785; x_wconf 86' lang='grc'>1,</span> <span class='ocrx_word' id='word_1_21' title='bbox 1136 729 1163 775; x_wconf 92' lang='lat'>1.</span> 
     </span>
    </p>
   </div>
   <div class='ocr_carea' id='block_1_4' title="bbox 559 931 885 1020">
    <p class='ocr_par' dir='ltr' id='par_1_4' title="bbox 559 931 885 1020">
     <span class='ocr_line' id='line_1_5' title="bbox 559 931 885 1020; baseline -0.009 -36"><span class='ocrx_word' id='word_1_22' title='bbox 559 931 681 985; x_wconf 77' lang='lat' dir='ltr'>Lacus.</span> <span class='ocrx_word' id='word_1_23' title='bbox 713 931 885 1020; x_wconf 54' lang='lat' dir='ltr'>magnum.</span> 
     </span>
    </p>
   </div>
   <div class='ocr_carea' id='block_1_5' title="bbox 334 1056 1163 1298">
    <p class='ocr_par' dir='ltr' id='par_1_5' title="bbox 334 1056 1163 1298">
     <span class='ocr_line' id='line_1_6' title="bbox 334 1056 1019 1127; baseline -0.012 -15"><span class='ocrx_word' id='word_1_24' title='bbox 334 1059 427 1113; x_wconf 79' lang='lat' dir='ltr'>Lacus</span> <span class='ocrx_word' id='word_1_25' title='bbox 446 1062 498 1122; x_wconf 86' lang='lat' dir='ltr'>est,</span> <span class='ocrx_word' id='word_1_26' title='bbox 517 1057 594 1125; x_wconf 86' lang='lat' dir='ltr'>quod</span> <span class='ocrx_word' id='word_1_27' title='bbox 611 1060 780 1127; x_wconf 80' lang='lat' dir='ltr'>perpetuam</span> <span class='ocrx_word' id='word_1_28' title='bbox 798 1056 887 1112; x_wconf 86' lang='lat' dir='ltr'>habet</span> <span class='ocrx_word' id='word_1_29' title='bbox 905 1070 1019 1120; x_wconf 87' lang='lat' dir='ltr'>aquam.</span> 
     </span>
     <span class='ocr_line' id='line_1_7' title="bbox 438 1139 1125 1210; baseline -0.016 -14"><span class='ocrx_word' id='word_1_30' title='bbox 438 1144 604 1197; x_wconf 76' lang='lat' dir='ltr'>ULPIANUS:</span> <span class='ocrx_word' id='word_1_31' title='bbox 623 1139 640 1196; x_wconf 85' lang='lat' dir='ltr'>l.</span> <span class='ocrx_word' id='word_1_32' title='bbox 660 1143 784 1210; x_wconf 57' lang='lat'><strong><em>1331).</em></strong></span> <span class='ocrx_word' id='word_1_33' title='bbox 803 1147 832 1194; x_wconf 77' lang='lat' dir='ltr'>at</span> <span class='ocrx_word' id='word_1_34' title='bbox 851 1143 878 1192; x_wconf 81' lang='lat' dir='ltr'>in</span> <span class='ocrx_word' id='word_1_35' title='bbox 893 1140 1003 1204; x_wconf 81' lang='lat' dir='ltr'>flumine</span> <span class='ocrx_word' id='word_1_36' title='bbox 1020 1142 1063 1198; x_wconf 85' lang='lat'>43,</span> <span class='ocrx_word' id='word_1_37' title='bbox 1084 1140 1125 1185; x_wconf 90' lang='grc'><strong>14.</strong></span> 
     </span>
     <span class='ocr_line' id='line_1_8' title="bbox 336 1224 1163 1298; baseline -0.016 -15"><span class='ocrx_word' id='word_1_38' title='bbox 336 1229 474 1298; x_wconf 77' lang='lat' dir='ltr'>Stagnum</span> <span class='ocrx_word' id='word_1_39' title='bbox 493 1231 550 1291; x_wconf 76' lang='lat' dir='ltr'>est,</span> <span class='ocrx_word' id='word_1_40' title='bbox 573 1228 650 1294; x_wconf 90' lang='lat' dir='ltr'>quod</span> <span class='ocrx_word' id='word_1_41' title='bbox 671 1227 857 1296; x_wconf 74' lang='lat' dir='ltr'>temporalem</span> <span class='ocrx_word' id='word_1_42' title='bbox 881 1224 1031 1278; x_wconf 83' lang='lat' dir='ltr'>contineat</span> <span class='ocrx_word' id='word_1_43' title='bbox 1054 1235 1163 1287; x_wconf 89' lang='lat' dir='ltr'>aquam</span> 
     </span>
    </p>
   </div>
   <div class='ocr_carea' id='block_1_6' title="bbox 283 1304 1164 1453">
    <p class='ocr_par' dir='ltr' id='par_1_6' title="bbox 283 1304 1164 1453">
     <span class='ocr_line' id='line_1_9' title="bbox 283 1304 1164 1382; baseline -0.015 -16"><span class='ocrx_word' id='word_1_44' title='bbox 283 1314 390 1368; x_wconf 85' lang='lat' dir='ltr'>ibidem</span> <span class='ocrx_word' id='word_1_45' title='bbox 409 1316 598 1382; x_wconf 79' lang='lat' dir='ltr'>stagnantem.</span> <span class='ocrx_word' id='word_1_46' title='bbox 633 1311 798 1365; x_wconf 75' lang='lat' dir='ltr'>ULPIANUS:</span> <span class='ocrx_word' id='word_1_47' title='bbox 823 1313 839 1364; x_wconf 85' lang='lat' dir='ltr'>I.</span> <span class='ocrx_word' id='word_1_48' title='bbox 861 1319 872 1364; x_wconf 96' lang='lat'>1</span> <span class='ocrx_word' id='word_1_49' title='bbox 893 1311 910 1378; x_wconf 65' lang='lat' dir='ltr'>fi</span> <span class='ocrx_word' id='word_1_50' title='bbox 929 1318 946 1362; x_wconf 83' lang='lat'>4</span> <span class='ocrx_word' id='word_1_51' title='bbox 965 1308 999 1360; x_wconf 88' lang='lat' dir='ltr'>D.</span> <span class='ocrx_word' id='word_1_52' title='bbox 1018 1304 1164 1368; x_wconf 66' lang='grc'><strong>1111111111-</strong></span> 
     </span>
     <span class='ocr_line' id='line_1_10' title="bbox 932 1396 1124 1453; baseline -0.021 -7"><span class='ocrx_word' id='word_1_53' title='bbox 932 1396 1001 1446; x_wconf 74' lang='lat' dir='ltr'>mae&#39;ne</span> <span class='ocrx_word' id='word_1_54' title='bbox 1019 1397 1061 1453; x_wconf 81' lang='lat'>43,</span> <span class='ocrx_word' id='word_1_55' title='bbox 1083 1398 1124 1444; x_wconf 88' lang='grc'><strong>14.</strong></span> 
     </span>
    </p>
   </div>
   <div class='ocr_carea' id='block_1_7' title="bbox 633 1557 809 1624">
    <p class='ocr_par' dir='ltr' id='par_1_7' title="bbox 633 1557 809 1624">
     <span class='ocr_line' id='line_1_11' title="bbox 633 1557 809 1624; baseline 0.006 -14"><span class='ocrx_word' id='word_1_56' title='bbox 633 1557 809 1624; x_wconf 77' lang='lat' dir='ltr'>Legatum.</span> 
     </span>
    </p>
   </div>
   <div class='ocr_carea' id='block_1_8' title="bbox 287 1661 1180 3008">
    <p class='ocr_par' dir='ltr' id='par_1_8' title="bbox 287 1661 1180 3008">
     <span class='ocr_line' id='line_1_12' title="bbox 337 1661 1169 1737; baseline -0.005 -17"><span class='ocrx_word' id='word_1_57' title='bbox 337 1669 478 1737; x_wconf 80' lang='lat' dir='ltr'>Legatum</span> <span class='ocrx_word' id='word_1_58' title='bbox 500 1669 545 1721; x_wconf 85' lang='lat' dir='ltr'>est</span> <span class='ocrx_word' id='word_1_59' title='bbox 567 1665 682 1720; x_wconf 90' lang='lat' dir='ltr'>donatio</span> <span class='ocrx_word' id='word_1_60' title='bbox 706 1668 848 1733; x_wconf 86' lang='lat' dir='ltr'>quaedam</span> <span class='ocrx_word' id='word_1_61' title='bbox 866 1683 883 1719; x_wconf 88' lang='lat' dir='ltr'>a</span> <span class='ocrx_word' id='word_1_62' title='bbox 902 1667 1040 1720; x_wconf 82' lang='lat' dir='ltr'>defuncto</span> <span class='ocrx_word' id='word_1_63' title='bbox 1058 1661 1169 1718; x_wconf 84' lang='lat' dir='ltr'>relicta-</span> 
     </span>
     <span class='ocr_line' id='line_1_13' title="bbox 287 1746 1049 1820; baseline -0.004 -13"><span class='ocrx_word' id='word_1_64' title='bbox 287 1754 324 1807; x_wconf 92' lang='lat' dir='ltr'>ab</span> <span class='ocrx_word' id='word_1_65' title='bbox 342 1752 447 1807; x_wconf 85' lang='lat' dir='ltr'>herede</span> <span class='ocrx_word' id='word_1_66' title='bbox 464 1751 646 1820; x_wconf 85' lang='lat' dir='ltr'>praestanda.</span> <span class='ocrx_word' id='word_1_67' title='bbox 682 1751 698 1818; x_wconf 63' lang='grc' dir='ltr'><strong>ἓ</strong></span> <span class='ocrx_word' id='word_1_68' title='bbox 720 1761 731 1804; x_wconf 98' lang='grc'>1</span> <span class='ocrx_word' id='word_1_69' title='bbox 752 1752 778 1807; x_wconf 91' lang='lat' dir='ltr'>J.</span> <span class='ocrx_word' id='word_1_70' title='bbox 796 1753 829 1804; x_wconf 86' lang='lat' dir='ltr'>de</span> <span class='ocrx_word' id='word_1_71' title='bbox 847 1753 943 1819; x_wconf 64' lang='lat' dir='ltr'>leuatis</span> <span class='ocrx_word' id='word_1_72' title='bbox 962 1746 989 1814; x_wconf 60' lang='lat'>2‚&#39;</span> <span class='ocrx_word' id='word_1_73' title='bbox 1006 1757 1049 1804; x_wconf 75' lang='lat'>20.</span> 
     </span>
     <span class='ocr_line' id='line_1_14' title="bbox 336 1834 993 1906; baseline 0 -18"><span class='ocrx_word' id='word_1_74' title='bbox 336 1835 475 1906; x_wconf 83' lang='lat' dir='ltr'>Legatum</span> <span class='ocrx_word' id='word_1_75' title='bbox 494 1838 538 1890; x_wconf 82' lang='lat' dir='ltr'>est</span> <span class='ocrx_word' id='word_1_76' title='bbox 556 1834 672 1891; x_wconf 86' lang='lat' dir='ltr'>donatio</span> <span class='ocrx_word' id='word_1_77' title='bbox 689 1838 864 1890; x_wconf 87' lang='lat' dir='ltr'>testamento</span> <span class='ocrx_word' id='word_1_78' title='bbox 883 1836 993 1890; x_wconf 88' lang='lat' dir='ltr'>relicta.</span> 
     </span>
     <span class='ocr_line' id='line_1_15' title="bbox 551 1918 1130 1988; baseline -0.003 -14"><span class='ocrx_word' id='word_1_79' title='bbox 551 1921 761 1974; x_wconf 76' lang='lat' dir='ltr'>Moossumus:</span> <span class='ocrx_word' id='word_1_80' title='bbox 780 1918 797 1975; x_wconf 84' lang='lat' dir='ltr'>l.</span> <span class='ocrx_word' id='word_1_81' title='bbox 817 1929 849 1975; x_wconf 84' lang='lat'>36</span> <span class='ocrx_word' id='word_1_82' title='bbox 868 1923 902 1975; x_wconf 82' lang='lat' dir='ltr'>D.</span> <span class='ocrx_word' id='word_1_83' title='bbox 921 1924 956 1974; x_wconf 82' lang='lat' dir='ltr'>de</span> <span class='ocrx_word' id='word_1_84' title='bbox 974 1923 1071 1988; x_wconf 59' lang='lat' dir='ltr'>leuatis</span> <span class='ocrx_word' id='word_1_85' title='bbox 1090 1921 1130 1972; x_wconf 89' lang='lat' dir='ltr'>II.</span> 
     </span>
     <span class='ocr_line' id='line_1_16' title="bbox 338 2005 1169 2075; baseline 0 -17"><span class='ocrx_word' id='word_1_86' title='bbox 338 2007 478 2075; x_wconf 82' lang='lat' dir='ltr'>Legatum</span> <span class='ocrx_word' id='word_1_87' title='bbox 497 2008 541 2059; x_wconf 88' lang='lat' dir='ltr'>est</span> <span class='ocrx_word' id='word_1_88' title='bbox 560 2005 695 2060; x_wconf 73' lang='lat' dir='ltr'>delibatio</span> <span class='ocrx_word' id='word_1_89' title='bbox 713 2005 890 2069; x_wconf 86' lang='lat' dir='ltr'>hereditatis,</span> <span class='ocrx_word' id='word_1_90' title='bbox 909 2024 968 2074; x_wconf 87' lang='lat' dir='ltr'>qua</span> <span class='ocrx_word' id='word_1_91' title='bbox 985 2008 1113 2061; x_wconf 84' lang='lat' dir='ltr'>testator</span> <span class='ocrx_word' id='word_1_92' title='bbox 1132 2021 1169 2058; x_wconf 88' lang='lat' dir='ltr'>ex</span> 
     </span>
     <span class='ocr_line' id='line_1_17' title="bbox 287 2089 1167 2158; baseline -0.002 -12"><span class='ocrx_word' id='word_1_93' title='bbox 287 2109 334 2154; x_wconf 84' lang='lat' dir='ltr'>eo,</span> <span class='ocrx_word' id='word_1_94' title='bbox 357 2091 434 2158; x_wconf 88' lang='lat' dir='ltr'>quod</span> <span class='ocrx_word' id='word_1_95' title='bbox 456 2089 617 2143; x_wconf 82' lang='lat' dir='ltr'>universum</span> <span class='ocrx_word' id='word_1_96' title='bbox 638 2090 750 2144; x_wconf 83' lang='lat' dir='ltr'>heredis</span> <span class='ocrx_word' id='word_1_97' title='bbox 774 2089 861 2154; x_wconf 86' lang='lat' dir='ltr'>foret,</span> <span class='ocrx_word' id='word_1_98' title='bbox 881 2091 967 2145; x_wconf 87' lang='lat' dir='ltr'>alioui</span> <span class='ocrx_word' id='word_1_99' title='bbox 986 2090 1058 2158; x_wconf 88' lang='lat' dir='ltr'>quid</span> <span class='ocrx_word' id='word_1_100' title='bbox 1077 2090 1167 2144; x_wconf 85' lang='lat' dir='ltr'>eollo·</span> 
     </span>
     <span class='ocr_line' id='line_1_18' title="bbox 288 2172 1103 2244; baseline -0.001 -14"><span class='ocrx_word' id='word_1_101' title='bbox 288 2179 384 2232; x_wconf 84' lang='lat' dir='ltr'>catum</span> <span class='ocrx_word' id='word_1_102' title='bbox 401 2174 477 2229; x_wconf 79' lang='lat' dir='ltr'>veh&#39;t.</span> <span class='ocrx_word' id='word_1_103' title='bbox 511 2175 736 2228; x_wconf 77' lang='lat' dir='ltr'>Faoaammos:</span> <span class='ocrx_word' id='word_1_104' title='bbox 755 2172 772 2228; x_wconf 81' lang='grc' dir='ltr'>ί.</span> <span class='ocrx_word' id='word_1_105' title='bbox 794 2183 840 2230; x_wconf 85' lang='grc'>116</span> <span class='ocrx_word' id='word_1_106' title='bbox 860 2177 894 2229; x_wconf 82' lang='grc' dir='ltr'>Ι).</span> <span class='ocrx_word' id='word_1_107' title='bbox 912 2179 945 2230; x_wconf 84' lang='lat' dir='ltr'>de</span> <span class='ocrx_word' id='word_1_108' title='bbox 964 2179 1061 2244; x_wconf 69' lang='lat' dir='ltr'>leontis</span> <span class='ocrx_word' id='word_1_109' title='bbox 1080 2177 1103 2229; x_wconf 89' lang='grc' dir='ltr'>Ι.</span> 
     </span>
     <span class='ocr_line' id='line_1_19' title="bbox 338 2260 1174 2329; baseline -0.004 -17"><span class='ocrx_word' id='word_1_110' title='bbox 338 2260 394 2313; x_wconf 88' lang='lat' dir='ltr'>Per</span> <span class='ocrx_word' id='word_1_111' title='bbox 415 2260 510 2314; x_wconf 89' lang='lat' dir='ltr'>omnia</span> <span class='ocrx_word' id='word_1_112' title='bbox 532 2263 690 2328; x_wconf 84' lang='lat' dir='ltr'>exaequata</span> <span class='ocrx_word' id='word_1_113' title='bbox 714 2263 782 2312; x_wconf 87' lang='lat' dir='ltr'>sunt</span> <span class='ocrx_word' id='word_1_114' title='bbox 801 2260 901 2329; x_wconf 88' lang='lat' dir='ltr'>legata</span> <span class='ocrx_word' id='word_1_115' title='bbox 924 2260 1174 2315; x_wconf 78' lang='lat' dir='ltr'>fideicommissis,¹</span> 
     </span>
     <span class='ocr_line' id='line_1_20' title="bbox 632 2343 1132 2414; baseline 0.002 -16"><span class='ocrx_word' id='word_1_116' title='bbox 632 2345 798 2398; x_wconf 74' lang='lat' dir='ltr'>ULPIANUS:</span> <span class='ocrx_word' id='word_1_117' title='bbox 817 2343 834 2398; x_wconf 78' lang='lat' dir='ltr'>l.</span> <span class='ocrx_word' id='word_1_118' title='bbox 855 2356 866 2400; x_wconf 88' lang='lat'>1</span> <span class='ocrx_word' id='word_1_119' title='bbox 887 2346 920 2399; x_wconf 86' lang='lat' dir='ltr'>D.</span> <span class='ocrx_word' id='word_1_120' title='bbox 939 2349 973 2399; x_wconf 81' lang='lat' dir='ltr'>de</span> <span class='ocrx_word' id='word_1_121' title='bbox 991 2343 1089 2414; x_wconf 70' lang='lat' dir='ltr'>leontis</span> <span class='ocrx_word' id='word_1_122' title='bbox 1109 2347 1132 2399; x_wconf 90' lang='lat' dir='ltr'>I.</span> 
     </span>
     <span class='ocr_line' id='line_1_21' title="bbox 340 2429 1169 2496; baseline 0.007 -16"><span class='ocrx_word' id='word_1_123' title='bbox 340 2429 452 2496; x_wconf 82' lang='lat' dir='ltr'>Legata</span> <span class='ocrx_word' id='word_1_124' title='bbox 477 2445 534 2481; x_wconf 90' lang='lat' dir='ltr'>non</span> <span class='ocrx_word' id='word_1_125' title='bbox 561 2429 709 2492; x_wconf 88' lang='lat' dir='ltr'>debentur,</span> <span class='ocrx_word' id='word_1_126' title='bbox 737 2429 792 2481; x_wconf 88' lang='lat' dir='ltr'>nisi</span> <span class='ocrx_word' id='word_1_127' title='bbox 819 2429 944 2486; x_wconf 80' lang='lat' dir='ltr'>deducto</span> <span class='ocrx_word' id='word_1_128' title='bbox 974 2448 1041 2486; x_wconf 86' lang='lat' dir='ltr'>aere</span> <span class='ocrx_word' id='word_1_129' title='bbox 1070 2431 1169 2486; x_wconf 80' lang='lat' dir='ltr'>alieno</span> 
     </span>
     <span class='ocr_line' id='line_1_22' title="bbox 291 2511 1176 2590; baseline 0.001 -25"><span class='ocrx_word' id='word_1_130' title='bbox 291 2511 408 2580; x_wconf 80' lang='lat' dir='ltr'>atiquod</span> <span class='ocrx_word' id='word_1_131' title='bbox 426 2513 555 2580; x_wconf 86' lang='lat' dir='ltr'>supersit.</span> <span class='ocrx_word' id='word_1_132' title='bbox 590 2513 722 2569; x_wconf 71' lang='lat' dir='ltr'>pamas:</span> <span class='ocrx_word' id='word_1_133' title='bbox 749 2512 766 2568; x_wconf 85' lang='lat' dir='ltr'>l.</span> <span class='ocrx_word' id='word_1_134' title='bbox 786 2522 817 2568; x_wconf 79' lang='lat'>65</span> <span class='ocrx_word' id='word_1_135' title='bbox 838 2516 855 2583; x_wconf 61' lang='grc' dir='ltr'><strong>ξ</strong></span> <span class='ocrx_word' id='word_1_136' title='bbox 876 2525 889 2569; x_wconf 95' lang='grc'>1</span> <span class='ocrx_word' id='word_1_137' title='bbox 910 2516 944 2569; x_wconf 78' lang='lat'>1).</span> <span class='ocrx_word' id='word_1_138' title='bbox 965 2519 1002 2590; x_wconf 71' lang='lat' dir='ltr'>od</span> <span class='ocrx_word' id='word_1_139' title='bbox 1019 2518 1070 2583; x_wconf 73' lang='lat' dir='ltr'>loo.</span> <span class='ocrx_word' id='word_1_140' title='bbox 1090 2518 1176 2570; x_wconf 82' lang='lat' dir='ltr'>Folo..</span> 
     </span>
     <span class='ocr_line' id='line_1_23' title="bbox 1044 2609 1134 2665; baseline -0.011 -10"><span class='ocrx_word' id='word_1_141' title='bbox 1044 2609 1088 2665; x_wconf 79' lang='lat'>35,</span> <span class='ocrx_word' id='word_1_142' title='bbox 1108 2609 1134 2654; x_wconf 74' lang='lat'>2.</span> 
     </span>
     <span class='ocr_line' id='line_1_24' title="bbox 341 2681 1172 2754; baseline 0.007 -20"><span class='ocrx_word' id='word_1_143' title='bbox 341 2683 482 2750; x_wconf 82' lang='lat' dir='ltr'>Legatum</span> <span class='ocrx_word' id='word_1_144' title='bbox 493 2681 523 2735; x_wconf 88' lang='lat' dir='ltr'>in</span> <span class='ocrx_word' id='word_1_145' title='bbox 535 2683 628 2738; x_wconf 89' lang='lat' dir='ltr'>aliena</span> <span class='ocrx_word' id='word_1_146' title='bbox 640 2685 787 2738; x_wconf 79' lang='lat' dir='ltr'>voluntate</span> <span class='ocrx_word' id='word_1_147' title='bbox 799 2685 868 2754; x_wconf 88' lang='lat' dir='ltr'>poni</span> <span class='ocrx_word' id='word_1_148' title='bbox 879 2688 988 2754; x_wconf 86' lang='lat' dir='ltr'>potest,</span> <span class='ocrx_word' id='word_1_149' title='bbox 1006 2685 1038 2739; x_wconf 88' lang='lat' dir='ltr'>in</span> <span class='ocrx_word' id='word_1_150' title='bbox 1050 2685 1172 2742; x_wconf 87' lang='lat' dir='ltr'>heredis</span> 
     </span>
     <span class='ocr_line' id='line_1_25' title="bbox 290 2767 1092 2838; baseline 0.005 -18"><span class='ocrx_word' id='word_1_151' title='bbox 290 2785 349 2822; x_wconf 91' lang='lat' dir='ltr'>non</span> <span class='ocrx_word' id='word_1_152' title='bbox 365 2770 470 2835; x_wconf 86' lang='lat' dir='ltr'>potest.</span> <span class='ocrx_word' id='word_1_153' title='bbox 504 2767 669 2822; x_wconf 61' lang='lat' dir='ltr'>onomius:</span> <span class='ocrx_word' id='word_1_154' title='bbox 688 2767 704 2822; x_wconf 86' lang='lat' dir='ltr'>l.</span> <span class='ocrx_word' id='word_1_155' title='bbox 722 2777 755 2824; x_wconf 84' lang='grc'>43</span> <span class='ocrx_word' id='word_1_156' title='bbox 775 2771 792 2837; x_wconf 62' lang='grc' dir='ltr'>ᾖ</span> <span class='ocrx_word' id='word_1_157' title='bbox 811 2778 825 2823; x_wconf 71' lang='lat' dir='ltr'>a</span> <span class='ocrx_word' id='word_1_158' title='bbox 846 2772 880 2823; x_wconf 88' lang='lat' dir='ltr'>D.</span> <span class='ocrx_word' id='word_1_159' title='bbox 898 2774 933 2824; x_wconf 77' lang='lat' dir='ltr'>de</span> <span class='ocrx_word' id='word_1_160' title='bbox 951 2773 1049 2838; x_wconf 60' lang='lat' dir='ltr'>leuatis</span> <span class='ocrx_word' id='word_1_161' title='bbox 1068 2772 1092 2824; x_wconf 90' lang='lat' dir='ltr'>I.</span> 
     </span>
     <span class='ocr_line' id='line_1_26' title="bbox 343 2851 1180 2924; baseline 0.007 -20"><span class='ocrx_word' id='word_1_162' title='bbox 343 2851 448 2906; x_wconf 86' lang='lat' dir='ltr'>Heredi</span> <span class='ocrx_word' id='word_1_163' title='bbox 470 2869 487 2906; x_wconf 86' lang='lat' dir='ltr'>a</span> <span class='ocrx_word' id='word_1_164' title='bbox 509 2858 601 2908; x_wconf 81' lang='lat' dir='ltr'>semet</span> <span class='ocrx_word' id='word_1_165' title='bbox 622 2854 685 2923; x_wconf 88' lang='lat' dir='ltr'>ipso</span> <span class='ocrx_word' id='word_1_166' title='bbox 707 2854 835 2924; x_wconf 86' lang='lat' dir='ltr'>legatum</span> <span class='ocrx_word' id='word_1_167' title='bbox 858 2855 919 2909; x_wconf 88' lang='lat' dir='ltr'>dari</span> <span class='ocrx_word' id='word_1_168' title='bbox 936 2872 996 2909; x_wconf 89' lang='lat' dir='ltr'>non</span> <span class='ocrx_word' id='word_1_169' title='bbox 1013 2858 1130 2924; x_wconf 84' lang='lat' dir='ltr'>potest,</span> <span class='ocrx_word' id='word_1_170' title='bbox 1155 2871 1180 2909; x_wconf 82' lang='lat' dir='ltr'>a</span> 
     </span>
     <span class='ocr_line' id='line_1_27' title="bbox 292 2937 1174 3008; baseline 0.006 -20"><span class='ocrx_word' id='word_1_171' title='bbox 292 2937 432 2990; x_wconf 83' lang='lat' dir='ltr'>coherede</span> <span class='ocrx_word' id='word_1_172' title='bbox 453 2939 557 3005; x_wconf 86' lang='lat' dir='ltr'>potest.</span> <span class='ocrx_word' id='word_1_173' title='bbox 594 2939 818 2992; x_wconf 76' lang='lat' dir='ltr'>Faoaaurmus:</span> <span class='ocrx_word' id='word_1_174' title='bbox 843 2937 860 2992; x_wconf 80' lang='lat' dir='ltr'>l.</span> <span class='ocrx_word' id='word_1_175' title='bbox 881 2947 929 2994; x_wconf 88' lang='grc'>116</span> <span class='ocrx_word' id='word_1_176' title='bbox 951 2941 967 3008; x_wconf 65' lang='lat'>5</span> <span class='ocrx_word' id='word_1_177' title='bbox 990 2950 1002 2996; x_wconf 88' lang='lat'>1</span> <span class='ocrx_word' id='word_1_178' title='bbox 1024 2942 1059 2994; x_wconf 87' lang='lat' dir='ltr'>D.</span> <span class='ocrx_word' id='word_1_179' title='bbox 1079 2943 1115 3007; x_wconf 67' lang='lat' dir='ltr'>da</span> <span class='ocrx_word' id='word_1_180' title='bbox 1134 2942 1174 2993; x_wconf 79' lang='lat' dir='ltr'>le-</span> 
     </span>
    </p>
   </div>
   <div class='ocr_carea' id='block_1_9' title="bbox 1001 3027 1136 3094">
    <p class='ocr_par' dir='ltr' id='par_1_9' title="bbox 1001 3027 1136 3094">
     <span class='ocr_line' id='line_1_28' title="bbox 1001 3027 1136 3094; baseline 0.015 -16"><span class='ocrx_word' id='word_1_181' title='bbox 1001 3029 1076 3094; x_wconf 70' lang='lat' dir='ltr'>ontis</span> <span class='ocrx_word' id='word_1_182' title='bbox 1098 3027 1136 3080; x_wconf 92' lang='lat' dir='ltr'>II.</span> 
     </span>
    </p>
   </div>
   <div class='ocr_carea' id='block_1_10' title="bbox 0 0 1344 3560">
    <p class='ocr_par' dir='ltr' id='par_1_10' title="bbox 0 0 1344 3560">
     <span class='ocr_line' id='line_1_29' title="bbox 0 0 1344 3560; baseline 0 0"><span class='ocrx_word' id='word_1_183' title='bbox 0 0 1344 3560; x_wconf 95' lang='lat' dir='ltr'> </span> 
     </span>
    </p>
   </div>
  </div>
 </body>
</html>
