2666 3560
619 305 731 399 '92
834 320 890 354 ⁸

276 505 319 569 fit,
347 521 442 559 morae
470 503 718 574 adnumernndum.
753 502 920 556 Uinnius:
948 501 965 550 l.
994 503 1025 551 21
1054 495 1087 548 D.
1115 496 1150 546 de
1193 541 1196 550 r

431 597 434 603 '
613 647 615 650 ,
919 586 1010 638 usuris
1029 589 1069 643 22,
1090 588 1113 633 1.

328 677 409 734 Moru
425 674 486 728 fieri
503 673 671 743 intelligitur
688 690 746 727 non
765 689 799 727 ex
817 689 855 734 re,
875 670 926 724 sed
945 686 979 724 ex
996 683 1129 737 persona.

459 761 649 813 Mlncmeus:
666 762 686 812 Ι.
706 766 738 814 32
751 774 798 826 pr.
817 759 851 811 D.
870 757 1011 809 derisoris
1030 760 1070 813 22,
1092 759 1115 804 1.

302 911 304 914 ¹
328 847 361 900 In
373 847 465 900 bonae
477 845 544 899 fidei
556 845 746 899 contractibus
760 859 794 897 ex
803 859 882 896 mora
893 856 993 894 usurae
1003 839 1153 892 debentur.

451 931 641 984 MARGIANUS:
660 932 678 983 l.
697 937 728 984 32
749 930 766 998 θ
785 937 800 983 2
819 929 852 981 D.
871 930 904 980 de
922 927 1013 980 usuris
1032 931 1073 984 22,
1095 931 1117 976 1.

330 1016 360 1070 Si
376 1019 445 1085 post
462 1032 569 1069 moram
587 1032 632 1069 res
651 1014 800 1078 interierit,
820 1012 982 1068 aestimatio
996 1009 1057 1064 eius
1070 1023 1152 1077 prae·

279 1105 378 1155 statur.
412 1101 579 1154 ULPIANUS:
598 1103 616 1152 l.
635 1106 667 1154 39
687 1101 704 1168 ξ
725 1108 738 1154 1
758 1101 791 1153 D.
810 1102 842 1152 de
859 1101 955 1165 leuatis
973 1098 996 1151 I.

330 1187 418 1241 Casus
436 1184 568 1240 fortuitus
584 1201 604 1238 s,
619 1201 699 1238 mora
717 1188 841 1239 excusat.

329 1271 487 1338 Unicuique
507 1287 557 1323 sua
573 1286 653 1323 mom
669 1272 762 1324 noeet.
797 1270 931 1322 Plutus:
950 1269 968 1321 l.
990 1275 1037 1322 173
1057 1268 1152 1335 §ill

864 1354 1117 1415 mstlwst

332 1441 361 1496 Si
374 1442 429 1495 duo
442 1441 483 1494 rei
498 1440 681 1509 promittendi
695 1441 759 1504 sint,
777 1440 893 1495 alterius
906 1445 987 1494 mora
999 1437 1082 1492 alteri
1094 1454 1154 1490 non

278 1531 371 1581 nocet.
406 1528 596 1580 MARGIANUS:
615 1529 632 1579 l.
652 1534 683 1580 32
703 1528 719 1594 5
738 1528 806 1580 41).
825 1529 857 1579 de
875 1529 966 1579 usuris
984 1531 1027 1586 22,
1049 1533 1070 1577 1.

329 1611 410 1664 Mora
426 1611 467 1665 rei
484 1611 643 1664 fideiussori
661 1628 773 1680 quoque
792 1615 885 1666 nocet.
922 1611 1058 1664 PAULUS:
1082 1611 1100 1661 ῖ.
1121 1615 1154 1662 88

405 1713 407 1718 ·
822 1698 856 1750 D.
875 1699 908 1750 de
931 1697 958 1750 V.
983 1697 1011 1749 0.
1031 1702 1072 1758 45,
1095 1703 1117 1746 1.

332 1780 402 1835 Cum
419 1796 610 1834 reus-moram
627 1782 705 1846 facit,
724 1785 753 1836 et
769 1782 920 1836 fideiussor
937 1784 1061 1836 tenetur.

504 1864 638 1918 Plutus:
657 1869 674 1920 l.
693 1875 725 1921 24
746 1869 762 1935 5
783 1876 795 1921 1
817 1869 849 1921 D.
869 1871 902 1921 de
920 1870 1012 1920 usuris
1031 1873 1073 1928 22,
1095 1874 1117 1918 1.

551 2043 701 2108 Morbus.
732 2029 873 2101 Vitium.

332 2169 447 2222 Morbus
466 2173 510 2223 est
521 2172 683 2239 temporalis
698 2173 823 2242 eorporis
837 2173 1032 2250 imbesillitrte
1051 2171 1156 2225 vitium

280 2269 347 2306 vero
360 2256 528 2322 perpetuum
541 2257 664 2324 corporis
674 2256 917 2326 impedimentum.
940 2258 1155 2312 Monnsrrrus:

636 2344 652 2394 z.
674 2351 719 2397 101
740 2345 756 2411 ξ
777 2350 791 2396 2
810 2345 844 2396 J).
861 2346 896 2396 de
919 2344 947 2398 V.
967 2343 995 2396 S.
1014 2350 1057 2405 50,
1078 2349 1120 2396 rs.

332 2421 447 2476 Morbus
466 2423 591 2478 sonticus
610 2428 661 2489 est,
680 2427 728 2494 qui
746 2427 847 2494 cuique
864 2428 907 2482 rei
924 2431 1020 2482 nocet.

507 2508 688 2563 Invonnnus:
707 2513 724 2564 l.
744 2519 791 2566 113
811 2512 844 2565 Ι).
863 2516 896 2566 de
920 2514 948 2566 V.
967 2511 996 2572 S.
1013 2521 1058 2578 50,
1080 2521 1121 2567 16.

333 2589 447 2642 Morbus
466 2594 511 2645 ent
526 2592 759 2662 impedimentum
777 2597 879 2666 legale.

288 2697 290 2704 ·
334 2673 411 2726 Vitia
428 2680 527 2743 aperta
544 2695 601 2732 non
617 2685 805 2748 praestantur.

435 2835 537 2891 Mors.
559 2839 696 2896 Mortui.
719 2842 997 2902 commorientes.

333 2941 513 3013 Extinguitur
539 2947 644 3002 crimen
669 2952 851 3007 mortalitate.
887 2955 1057 3009 ULPIANUS:
1082 2960 1099 3010 l.
1126 2965 1155 3012 11

784 3040 817 3091 D.
837 3041 873 3092 ad
890 3043 937 3107 leo.
958 3044 1012 3095 Jnl.
1032 3049 1076 3105 48,
1096 3051 1121 3095 4.
