2666 3560
574 325 633 388 127

220 495 279 550 Neo
301 493 375 550 inter
397 493 467 548 ulios
489 509 534 547 res
556 491 684 547 iudioote
702 491 750 545 olii
766 490 901 560 prodesse
920 494 969 545 out
986 506 1039 546 uo·

168 597 232 636 cere
251 581 331 636 solet.
366 578 500 633 Pennus:
520 581 537 633 l.
557 583 588 633 16
607 579 640 632 Ι).
658 580 703 645 qui
714 580 837 645 potiores
855 583 896 640 20,
913 585 939 630 4.

398 759 574 826 Responsa
595 755 812 824 prudentum.

217 888 368 958 Responsa
389 886 560 956 prudentum
583 886 649 939 sunt
666 884 824 940 sententiae
843 887 872 939 et
890 883 1041 955 opiniones

165 991 278 1038 eorum,
309 971 410 1041 quibus
439 970 607 1040 permissum
635 973 695 1024 eret
720 969 755 1024 de
781 969 840 1024 iure
866 968 1041 1039 respondere

166 1051 252 1131 [sive'z
270 1057 438 1128 permissum
456 1060 501 1111 est
516 1055 579 1112 iuro
597 1054 726 1110 condere.
757 1054 863 1110 GAIUS:
885 1064 906 1120 1,
926 1055 960 1126 7].
985 1055 1001 1124 ἓ
1020 1060 1037 1109 8

691 1141 716 1196 J.
734 1143 844 1208 dejure
861 1146 916 1195 nat.
936 1149 958 1204 1,
978 1147 1001 1194 2.

396 1321 598 1378 Restituere.
641 1319 806 1377 Reddere.

217 1449 290 1506 Dolo
302 1450 379 1513 fecit,
392 1449 442 1518 qui
453 1448 535 1518 petit,
552 1448 630 1517 quod
641 1447 803 1503 redditurus
817 1451 869 1504 est.
897 1449 1038 1505 Pennus:

163 1537 375 1606 l.173§31>.
398 1538 431 1589 de
453 1536 487 1589 R.
505 1535 531 1592 J.
549 1542 591 1596 to,
616 1542 645 1590 17
670 1537 723 1604 (cs.
741 1537 758 1587 l.
777 1542 793 1589 8
811 1538 859 1603 p'r.
881 1536 914 1589 Ι).
932 1538 965 1588 de
982 1537 1040 1590 doli

740 1623 805 1673 moli
821 1637 879 1676 exc.
897 1628 939 1681 44,
958 1630 973 1676 4
975 1631 1000 1687 J.

217 1709 282 1764 Non
293 1706 436 1762 videbitur
452 1705 565 1761 reddito
580 1722 633 1769 res,
652 1723 726 1774 quoe
740 1705 864 1762 deterior
879 1706 957 1761 fante
974 1705 1038 1761 red-

164 1793 250 1852 ditur.
285 1793 451 1847 Uinnius:
470 1795 487 1846 1.
506 1799 521 1846 3
541 1794 558 1862 g
579 1801 590 1848 1
611 1792 645 1846 l).
664 1795 819 1846 commodati
837 1799 877 1861 13,
896 1799 918 1846 6.

379 1970 564 2027 Restitutio
585 1971 622 2026 in
643 1971 823 2040 integrum.

217 2098 325 2169 integri
341 2098 484 2154 restitutio
502 2103 546 2154 est
562 2099 799 2170 redintegrandae
816 2097 857 2153 rei
869 2098 914 2152 vel
932 2114 1039 2153 consae

166 2185 251 2241 sotio.
287 2184 632 2254 presumentes

218 2271 312 2326 Verbo
325 2269 514 2325 restitutionis
528 2269 618 2324 omnis
628 2269 737 2324 utilitas
750 2269 854 2325 sotoris
867 2270 1039 2328 continetur.

460 2356 593 2408 Pinnos:
612 2357 630 2408 1.
648 2363 681 2410 80
699 2356 733 2409 Ι).
752 2359 784 2409 de
806 2356 834 2410 V.
852 2353 881 2410 S.
900 2363 943 2422 50,
962 2363 1002 2410 17.

217 2440 372 2496 Restitutio
389 2439 431 2495 ita
441 2439 573 2495 faciende
586 2444 639 2504 est,
657 2443 691 2494 nt
706 2440 901 2509 unusquisque
919 2440 949 2494 in
964 2440 1039 2495 inte-

166 2545 249 2597 grum
269 2526 314 2581 ius
338 2544 420 2581 suum
446 2525 574 2596 recipiet.
616 2525 748 2579 Pinnos:
771 2528 788 2580 1.
811 2535 844 2581 24
868 2527 884 2594 ἓ
908 2527 982 2580 41).
1005 2528 1041 2579 de

823 2615 916 2665 minor.
933 2620 958 2675 4,
977 2619 1002 2666 4.

219 2696 287 2753 Plus
301 2698 385 2754 estin
397 2697 578 2752 restitutione
591 2714 677 2765 quom
687 2696 719 2750 in
729 2696 912 2757 exhibitione.
930 2695 1040 2750 GAms:

615 2785 632 2838 l.
651 2789 683 2836 22
701 2783 736 2836 I).
754 2785 787 2836 de
809 2783 836 2836 V.
854 2782 882 2836 S.
901 2789 942 2838 50.
963 2787 1001 2836 16.

219 2870 283 2924 Non
291 2867 502 2940 negligentibus
516 2867 690 2932 subvenitur,
703 2867 754 2922 sed
762 2867 933 2923 necessitate
942 2883 1039 2920 rerum

167 2954 322 3026 impeditis.
351 2956 484 3009 Pennus:
508 2958 524 3011 l.
543 2962 575 3010 16
593 2955 626 3008 Ι).
638 2961 680 3008 'ex
697 2955 764 3021 quib.
782 2970 854 3009 cour.
871 2956 956 3020 majus
973 2961 999 3016 4,
1012 2959 1036 3007 6.

219 3041 284 3096 Non
307 3040 382 3096 enim
405 3045 523 3096 eventus
547 3040 644 3095 domni
666 3039 876 3096 restitutionem
898 3037 1041 3106 indulget,
