2698 3558
665 300 753 378 “58

328 481 517 551 Supe'rfioies
540 481 577 535 ud
600 481 745 536 dominum
763 481 816 536 soli
832 481 966 551 pertinet.
1001 482 1167 536 UquUUs:
1218 521 1221 526 .

720 565 841 623 1501).
860 565 961 635 adley.
979 569 1046 636 Aqu
1065 575 1088 632 9
1108 576 1132 623 2

348 652 499 716 Arborum,
523 627 597 722 quoe
620 652 651 706 in
672 652 761 707 fundo
780 653 970 722 continentur,
987 669 1045 707 uon
1063 656 1107 708 ost
1125 671 1168 708 se·

297 741 430 807 paratum
448 754 549 808 corpus
569 755 586 792 a
602 737 698 794 fundo
734 738 920 792 POMPONIUS:
939 741 956 792 l
975 740 1055 797 401).
1072 742 1104 794 de
1117 744 1169 796 act.

972 830 1030 879 emt.
1050 833 1090 887 19,
1109 832 1133 878 2.

315 942 317 948 .
347 909 468 976 ¹Fructus
495 910 655 980 pendentes
682 927 750 979 puro
777 910 859 966 fundi
885 910 1024 966 videntur.
1060 909 1168 964 GMUS:

743 993 1131 1058 .Umomouoo

349 1079 446 1134 Omnis
464 1075 572 1140 fructus
590 1098 648 1136 non
664 1080 724 1136 iure
737 1081 866 1146 seminia,
891 1082 942 1135 sed
959 1081 1019 1136 iuro
1037 1080 1090 1135 soli
1105 1097 1168 1150 per·

298 1164 409 1234 cipitur.
428 1166 585 1220 IULIANUS:
604 1163 620 1220 l.
640 1173 672 1221 25
686 1183 733 1234 pr.
752 1168 785 1220 D.
804 1170 836 1221 de
854 1170 945 1222 usuris
963 1175 1005 1229 22,
1026 1175 1048 1222 1.

348 1250 500 1306 Inundatio
525 1251 648 1322 speciem
670 1252 751 1306 fundi
768 1269 826 1306 non
844 1255 944 1308 mutat.
981 1252 1088 1308 GAlUS:
1115 1255 1167 1307 1.7

595 1339 612 1407 ἐ
633 1345 647 1393 6
666 1338 700 1391 Ι).
719 1341 752 1392 de
770 1342 869 1406 acquir.
888 1354 944 1393 rer.
962 1340 1029 1396 dom.
1047 1347 1089 1402 41.
1110 1347 1131 1393 1.

528 1535 540 1571 e
567 1483 685 1540 Furor.
716 1483 891 1540 Furiosum
941 1459 944 1468 ¹

347 1592 480 1647 Furiosus
499 1593 626 1648 absentis
649 1594 712 1648 loeo
731 1597 781 1650 est.
816 1594 950 1648 PAULUS:
977 1591 994 1649 l
1015 1596 1114 1650 1241).
1133 1597 1167 1648 de
1222 1607 1225 1612 ·

934 1681 969 1734 R.
986 1680 1012 1734 J
1030 1687 1131 1744 5017.

350 1741 637 1820 Furiosiss...nu11a
655 1765 787 1820 voluntas
804 1769 857 1820 ost
886 1766 1071 1819 POMPONIUS:
1099 1762 1117 1821 l.
1134 1773 1169 1820 40

301 1853 333 1905 Ι)
351 1855 384 1907 de
403 1852 436 1906 R.
454 1852 480 1906 J.
502 1859 543 1916 50,
564 1860 593 1907 17
618 1851 641 1906 77
662 1852 847 1906 Amemus
875 1848 892 1905 l.
910 1854 995 1908 471).
1018 1854 1168 1919 deocquir.

757 1969 760 1978 =
818 1941 860 1992 vel
873 1941 954 1992 omitt.
973 1940 1030 1994 ter
1049 1944 1090 2001 29,
1110 1944 1133 1990 2.

350 2024 482 2079 Furiosus
501 2025 610 2079 nullum
628 2005 775 2093 negotium
794 2023 960 2078 contrahere
978 2026 1082 2093 potest

604 2111 737 2184 Puuuus:
762 2110 1072 2172 modestum,
1093 2117 1133 2162 17.

349 2195 466 2264 Impune
486 2197 581 2250 autem
598 2198 668 2264 puto
688 2195 906 2259 admittendum,
931 2195 1008 2262 quod
1024 2211 1076 2264 per
1093 2194 1168 2248 suro-

298 2298 357 2334 rem
384 2279 502 2346 alieuius
529 2281 641 2336 accidit.
684 2281 871 2335 POMPONIUS:
899 2279 915 2336 l.
944 2289 975 2335 61
1003 2282 1036 2336 Ι).
1063 2282 1096 2333 de
1122 2281 1169 2333 od-

851 2370 964 2421 ministr.
982 2373 1029 2421 tot.
1048 2372 1089 2429 26,
1109 2374 1132 2420 7.

349 2451 474 2506 Consilio
494 2455 523 2507 et
541 2470 630 2523 opero
647 2454 783 2508 curatoris
802 2452 876 2508 tueri
894 2454 980 2509 debet
997 2469 1054 2506 non
1076 2451 1168 2506 solum

296 2536 506 2608 patrimonium,
519 2539 570 2606 sed
582 2542 613 2593 et
626 2535 726 2609 oor'pus
739 2557 774 2594 ao
788 2540 863 2593 solus
877 2538 982 2594 furiosi.
1010 2538 1167 2591 IULIANUS:

645 2614 669 2679 ’7.
689 2632 703 2681 7
717 2642 764 2693 pr.
778 2626 811 2680 Ι).
829 2628 863 2680 de
880 2643 936 2680 cur.
952 2625 1010 2692 sur.
1029 2633 1069 2688 27,
1091 2632 1130 2679 10.

595 2752 748 2810 Furtum.
787 2727 869 2809 Fur.

347 2863 466 2918 Furtum
488 2866 532 2918 est
559 2864 749 2919 contrectatio
776 2864 817 2920 rei
843 2864 1007 2919 fraudulosa
1028 2863 1099 2930 lucri
1126 2862 1166 2916 fa-

296 2949 390 3004 ciendi
413 2949 505 3019 gratia
526 2948 573 3003 vol
594 2948 683 3018 ipsius
707 2950 748 3004 roi
769 2951 816 3004 vel
834 2949 921 3004 otiam
939 2967 1005 3004 usus
1025 2949 1085 3004 eius
1102 2965 1166 3018 pos·

296 3034 473 3089 sessionisve.
509 3035 643 3088 PAUUUS:
662 3032 678 3087 l.
700 3043 711 3089 1
732 3037 749 3104 ἕ
769 3043 783 3092 3
802 3037 835 3089 Ι).
854 3038 887 3090 de
900 3034 987 3102 furtis
1004 3043 1046 3099 47,
1066 3043 1089 3090 2.
