2698 3558
704 324 745 388 28

478 506 480 510 ·
527 465 742 555 conmuni.
773 500 924 556 Pactum.
1005 554 1009 560 .

341 609 513 665 Contractus
532 614 578 664 est
589 610 661 684 ultro
676 610 803 680 citroque
817 611 964 681 obligatio.
993 611 1164 666 nunninus:

737 694 754 750 l.
775 703 805 751 19
824 696 857 752 D.
876 700 909 752 de
930 697 960 755 V.
978 697 1005 752 S.
1024 705 1065 762 50,
1085 706 1126 754 16.

342 782 463 836 Pactum
481 777 662 836 est'duorum
681 797 834 837 consensus
853 786 939 852 utque
958 784 1118 839 conventio,

477 867 647 921 Uumnus:
666 866 683 921 l.
702 875 778 936 Spu.
797 870 830 922 Ι).
848 871 882 922 de
896 867 1006 937 pollicit.
1024 876 1065 934 50,
1086 877 1126 925 12.

343 951 397 1007 Est
408 952 505 1023 pactio
518 953 637 1008 duorum
648 954 804 1024 pluriumve
817 954 847 1008 in
858 953 934 1009 idem
945 954 1083 1027 placitum
1096 972 1164 1010 con·

290 1055 400 1094 sensus.
434 1039 599 1092 uunnuus:
618 1037 635 1093 l.
656 1049 667 1095 1
689 1041 706 1108 5
726 1047 740 1092 2
759 1041 792 1093 Ι).
811 1043 947 1110 depactis
965 1048 988 1105 2,
1008 1049 1048 1096 14.
1067 1103 1069 1110 ¹

343 1124 485 1198 Legitima
508 1126 658 1182 conventio
680 1129 738 1189 est,
761 1143 838 1195 quse
856 1127 920 1197 lege
943 1126 1039 1195 ulique
1062 1126 1164 1182 confir-

289 1213 391 1265 matur.
426 1211 560 1264 PAULUS:
579 1209 595 1265 l.
615 1219 629 1267 6
648 1213 681 1266 Ι).
700 1215 836 1281 depactis
854 1220 878 1276 2,
899 1222 937 1267 14.

341 1296 499 1352 Consentio
516 1297 611 1367 legem
629 1286 680 1352 dat
698 1297 864 1352 contractui.

272 1396 275 1402 ’
343 1383 513 1438 Contractus
532 1398 566 1436 ex
585 1382 773 1438 conventione
793 1383 888 1454 legem
910 1383 1040 1453 accipere
1062 1382 1163 1452 digno·

291 1472 416 1523 scuntur.
452 1484 474 1522 c.
492 1477 525 1525 85
544 1470 577 1522 de
595 1470 628 1522 R.
646 1469 672 1522 J.
691 1471 718 1521 in
736 1475 881 1532 615512.

342 1554 434 1608 Pactu
450 1554 546 1624 legem
564 1553 634 1608 dunt
653 1553 818 1608 contractui.

341 1639 437 1693 Verba
456 1641 617 1693 contractus
638 1643 704 1693 sunt
720 1640 766 1694 lex
784 1642 955 1694 contractus.

333 1725 437 1790 ‚Pactu-
454 1724 484 1778 in
507 1724 666 1780 continenti
686 1727 764 1780 sacta
787 1724 965 1795 stipulationi
986 1725 1080 1781 inesse
1103 1743 1163 1790 cre7

291 1811 404 1864 duntur.
440 1811 574 1864 Pnunus:
592 1808 609 1864 l.
627 1819 661 1866 40
679 1806 713 1865 D.
732 1812 859 1865 derebus
877 1813 985 1884 creditis
1004 1818 1044 1874 12,
1065 1819 1087 1866 1.

342 1896 444 1966 Decipi
461 1914 520 1952 non
538 1897 644 1952 debent
662 1897 871 1952 contrahentes.
906 1896 1073 1949 ununuus:
1092 1898 1110 1951 1.
1130 1905 1160 1952 11

701 1983 717 2050 ἕ
737 1990 752 2036 5
771 1981 804 2036 Ι).
821 1984 855 2034 de
872 1983 955 2034 instit.
972 1987 1024 2036 act.
1043 1989 1083 2046 1⁴,
1102 1988 1126 2035 8.

341 2067 512 2122 voluntates
530 2066 657 2138 legitime
675 2065 904 2122 contrahentium
922 2066 1082 2122 omnimodo
1095 2083 1165 2121 con·

290 2151 447 2212 servandae
466 2155 539 2207 sunt.
576 2154 605 2206 L.
624 2160 639 2206 6
662 2154 687 2206 C.
702 2168 756 2220 pro
774 2154 844 2204 socio
862 2159 887 2215 4,
906 2159 947 2205 37.

342 2238 376 2290 111
388 2237 623 2293 conventionibus
637 2236 865 2292 contrahentium
877 2237 1053 2292 voluntatem
1066 2239 1165 2308 potius

290 2339 376 2392 quum
399 2323 487 2377 verba
509 2323 631 2393 spectari
654 2323 770 2394 placuit.
805 2323 1166 2380 Ρ1111111115ι1.51511.

876 2410 909 2462 de
931 2410 959 2462 V.
978 2409 1006 2463 S.
1024 2417 1066 2473 50,
1087 2417 1127 2464 16.

342 2492 375 2546 ln
393 2493 586 2549 contrahendo
605 2495 682 2564 quod
700 2492 807 2562 agitur,
824 2510 876 2563 pro
896 2496 980 2548 cauto
998 2494 1165 2550 habendum

290 2583 343 2635 est.
379 2579 564 2632 Pounumus:
583 2582 600 2633 1.
619 2588 634 2635 3
653 2582 687 2634 Ι).
705 2580 739 2631 de
757 2579 810 2632 ret.
828 2581 899 2632 cred.
920 2586 959 2642 12,
979 2587 1002 2633 1.
1026 2598 1029 2604 ·

342 2666 374 2718 In
397 2665 589 2720 contractibus
613 2665 654 2720 rei
671 2663 777 2719 veritus
795 2663 891 2733 potius
913 2681 998 2732 quam
1021 2663 1168 2733 scriptura,

199 2787 200 2792 κ
290 2750 415 2820 perspici
434 2750 527 2804 debet
564 2752 593 2804 L.
613 2759 626 2805 1
650 2752 676 2804 0.
691 2751 863 2817 pluslvolere
879 2756 904 2812 4,
924 2756 964 2804 22.

341 2835 408 2889 Plus
434 2838 529 2890 actum
555 2852 640 2904 quam
667 2834 803 2903 scriptum
829 2833 913 2889 volet
951 2835 980 2888 L.
1006 2843 1022 2889 4
1049 2836 1076 2888 0.
1098 2834 1168 2904 plus

933 2917 1023 2973 volere
1039 2928 1065 2984 4,
1085 2928 1128 2976 22.

341 3006 432 3060 Pacta
448 3005 602 3060 novissima
620 3004 758 3060 servando
775 3008 847 3059 sunt.
868 3005 883 3040 '¹‘
902 3006 931 3058 L.
952 3013 982 3060 12
1004 3007 1030 3058 0.
1048 3007 1082 3058 de
1095 3023 1166 3075 pac-

1005 3093 1041 3143 tis
1060 3098 1084 3154 1,
1104 3099 1129 3146 3.
