2666 3560
664 337 724 400 142

260 521 344 572 quam
372 522 435 558 eum
457 504 639 559 manifestum
657 506 701 558 est
718 501 795 555 aliud
814 499 937 554 sensisse
954 498 1133 551 testatorem.

462 591 659 646 Marcianus:
679 590 696 640 l.
716 593 748 642 69
762 603 809 654 pr.
828 586 861 639 J).
879 587 912 638 de
930 583 1023 650 leporis
1040 581 1096 632 III.

310 675 343 728 In
360 675 540 729 testamentis
558 673 669 743 plenius
687 673 847 727 voluntates
866 667 1032 724 testantium
1044 664 1132 718 inter-

259 763 415 829 pretantur.
451 760 584 812 PAULUS:
603 760 620 810 l.
641 765 671 812 12
690 758 723 811 D.
743 760 776 810 de
793 758 827 810 R.
845 756 871 812 J.
889 763 931 817 50,
952 762 991 808 17.

311 845 444 900 Testatur
461 862 519 899 non
535 843 724 913 praesumitur
741 843 845 896 frustra
862 839 963 894 testari
980 836 1113 892 voluisse.

310 930 375 984 Non
386 930 574 999 praesumitur
586 931 707 982 testator
718 926 853 982 heredem
866 939 985 994 gravare
997 921 1131 976 voluisse.

310 1033 471 1087 Posteriore
497 1033 676 1093 testamenta
704 1030 781 1098 quod
806 1029 867 1083 iure
895 1027 1053 1096 perfeetum
1080 1026 1133 1086 est,
1206 1051 1211 1058 -

262 1117 389 1186 superius
407 1117 552 1186 rumpitur.
589 1117 606 1184 ξ
626 1123 640 1169 2
659 1117 684 1170 J.
702 1113 770 1182 quib.
790 1117 854 1168 mod.
873 1117 932 1166 test.
952 1119 975 1174 2,
996 1119 1036 1172 17,

311 1217 401 1274 Nemo
425 1219 500 1272 enim
524 1235 586 1272 eam
610 1216 663 1292 sibi
685 1219 787 1286 potest.
808 1216 903 1284 legem
926 1213 1034 1275 dicere,
1061 1213 1093 1264 ut
1117 1227 1135 1264 a

261 1305 355 1374 priore
376 1303 403 1357 ei
419 1303 552 1358 recedere
570 1319 627 1355 non
644 1301 737 1356 lineat.
773 1301 1050 1356 Hrnuonnrnuus:
1070 1301 1086 1352 l.
1101 1303 1133 1351 22

829 1387 861 1438 Ι).
881 1387 914 1438 de
933 1387 1027 1451 lupatis
1044 1384 1099 1436 III.

312 1471 508 1526 Ambulatoria
531 1471 605 1523 enim
628 1474 671 1525 est
692 1471 822 1525 voluntas
842 1469 969 1523 defuncti
988 1485 1079 1536 usque
1098 1467 1136 1520 ad

261 1559 336 1613 vitae
355 1575 517 1627 supremum
536 1556 647 1610 exitum.
683 1556 849 1609 ULPIANUS:
877 1551 893 1608 l.
912 1563 929 1608 4
948 1555 982 1608 1).
1001 1557 1034 1606 de
1053 1555 1132 1605 adim.

943 1642 992 1706 lep,
1012 1645 1053 1701 34,
1073 1647 1098 1691 4.

313 1727 342 1780 Si
359 1743 442 1780 nemo
462 1725 548 1778 subiit
564 1724 763 1787 hereditatem,
792 1725 883 1778 omnis
908 1725 950 1778 vis
969 1721 1137 1778 testamenti

262 1811 386 1864 solvitur.
421 1810 554 1863 Parrus:
573 1811 589 1863 l.
610 1817 657 1864 181
677 1811 710 1862 D.
729 1813 761 1863 de
780 1811 815 1864 B.
834 1810 859 1864 J.
879 1817 981 1877 aaut.

313 1913 414 1967 inutile
434 1915 477 1966 est
493 1913 707 1974 testamentum,
726 1911 830 1980 inquo
849 1928 933 1966 nemo
952 1911 1036 1965 heres
1055 1909 1136 1964 insti·

267 1997 362 2050 tuitur.
399 1999 415 2066 §
435 2005 449 2050 2
468 1997 493 2050 J.
512 1999 545 2048 de
559 1999 711 2063 fideicomm.
729 1998 819 2049 hored.
839 2002 863 2060 2,
883 2003 923 2049 23.

315 2099 380 2152 Sine
397 2097 509 2152 heredis
527 2097 704 2152 institutione
722 2098 794 2150 nihil
810 2097 841 2151 in
851 2101 1034 2168 ,testamento
1048 2097 1138 2165 serip-

263 2186 324 2236 tum
345 2183 429 2236 valet.
463 2182 673 2234 Monnsrruus:
702 2185 750 2239 l.1
773 2180 1140 2250 ς31).1111.1ιρ.1111-

870 2261 872 2266 '
941 2271 995 2321 stre.
1015 2274 1057 2329 as,
1078 2275 1102 2320 1.

316 2351 386 2404 Cum
408 2351 594 2404 inofficiosum
615 2354 819 2405 testamentum
842 2352 983 2420 arguitur,
1011 2350 1084 2405 nihil
1105 2368 1141 2404 ex

187 2435 189 2440 ’
266 2451 299 2488 eo
318 2437 488 2488 testamento
506 2436 590 2489 valet.
616 2436 749 2488 Faunus:
770 2439 786 2489 l.
806 2438 885 2492 281).
900 2440 1020 2506 deinoff.
1034 2442 1142 2490 testam.

1034 2528 1059 2583 5,
1080 2528 1105 2574 2.

318 2603 509 2656 inofficiosum
526 2606 728 2658 testamentum
751 2605 846 2659 dicere
863 2606 920 2659 hon
940 2609 985 2659 est
1003 2605 1143 2674 allegare,

267 2703 352 2754 quare
371 2687 535 2740 exheredari
552 2688 598 2740 vel
614 2689 762 2757 praeteriri
779 2707 837 2743 non
856 2690 996 2744 debuerit.

431 2771 628 2830 Mantuanus:
646 2776 664 2826 l.
683 2781 697 2828 3
716 2775 749 2827 D.
769 2778 801 2828 de
820 2778 893 2844 inoff.
912 2781 1016 2828 testam.
1036 2782 1061 2839 5,
1082 2782 1106 2826 2.

319 2871 372 2936 Qui
389 2872 539 2926 intestatus
557 2875 681 2939 moritur,
701 2875 823 2928 ereditur
834 2876 971 2944 proximis
984 2876 1144 2930 heredibus

270 2955 326 3008 suis
346 2960 446 3024 sponte
466 2975 516 3011 sua
532 2959 691 3026 relinquere
709 2959 867 3028 legitimam
884 2960 1088 3014 hereditatem.

319 3040 473 3094 Intestatus
498 3045 541 3094 est
562 3059 619 3096 non
640 3047 762 3107 tantum,
791 3044 840 3111 qui
857 3048 1065 3100 testamentum
1083 3061 1147 3098 non
