<?xml version="1.0" encoding="UTF-8"?>
<!DOCTYPE html PUBLIC "-//W3C//DTD XHTML 1.0 Transitional//EN"
    "http://www.w3.org/TR/xhtml1/DTD/xhtml1-transitional.dtd">
<html xmlns="http://www.w3.org/1999/xhtml" xml:lang="en" lang="en">
 <head>
  <title>
</title>
<meta http-equiv="Content-Type" content="text/html;charset=utf-8" />
  <meta name='ocr-system' content='tesseract 3.04.00' />
  <meta name='ocr-capabilities' content='ocr_page ocr_carea ocr_par ocr_line ocrx_word'/>
</head>
<body>
  <div class='ocr_page' id='page_1' title='image "./regulaeiuris00fromgoog_0125.png"; bbox 0 0 2666 3560; ppageno 0'>
   <div class='ocr_carea' id='block_1_1' title="bbox 690 322 750 386">
    <p class='ocr_par' dir='ltr' id='par_1_1' title="bbox 690 322 750 386">
     <span class='ocr_line' id='line_1_1' title="bbox 690 322 750 386; baseline 0.033 -2"><span class='ocrx_word' id='word_1_1' title='bbox 690 322 750 386; x_wconf 83' lang='lat'>116</span> 
     </span>
    </p>
   </div>
   <div class='ocr_carea' id='block_1_2' title="bbox 274 489 1168 1752">
    <p class='ocr_par' dir='ltr' id='par_1_2' title="bbox 274 489 1168 1752">
     <span class='ocr_line' id='line_1_2' title="bbox 338 489 1162 559; baseline -0.005 -15"><span class='ocrx_word' id='word_1_2' title='bbox 338 491 416 545; x_wconf 88' lang='lat' dir='ltr'>Inter</span> <span class='ocrx_word' id='word_1_3' title='bbox 425 489 601 544; x_wconf 89' lang='lat' dir='ltr'>venditorem</span> <span class='ocrx_word' id='word_1_4' title='bbox 611 492 640 543; x_wconf 91' lang='lat' dir='ltr'>et</span> <span class='ocrx_word' id='word_1_5' title='bbox 651 495 788 546; x_wconf 88' lang='lat' dir='ltr'>emtorem</span> <span class='ocrx_word' id='word_1_6' title='bbox 801 489 1011 559; x_wconf 84' lang='lat' dir='ltr'>coniunguntur</span> <span class='ocrx_word' id='word_1_7' title='bbox 1019 491 1162 558; x_wconf 83' lang='lat' dir='ltr'>tempora.</span> 
     </span>
     <span class='ocr_line' id='line_1_3' title="bbox 748 577 1124 644; baseline -0.011 -14"><span class='ocrx_word' id='word_1_8' title='bbox 748 577 816 644; x_wconf 78' lang='lat'>§13</span> <span class='ocrx_word' id='word_1_9' title='bbox 834 577 860 630; x_wconf 85' lang='lat' dir='ltr'>J.</span> <span class='ocrx_word' id='word_1_10' title='bbox 878 578 911 628; x_wconf 83' lang='lat' dir='ltr'>de</span> <span class='ocrx_word' id='word_1_11' title='bbox 928 591 1035 642; x_wconf 83' lang='lat' dir='ltr'>usucap.</span> <span class='ocrx_word' id='word_1_12' title='bbox 1056 581 1078 636; x_wconf 80' lang='lat'>2,</span> <span class='ocrx_word' id='word_1_13' title='bbox 1100 581 1124 628; x_wconf 88' lang='lat'>6.</span> 
     </span>
     <span class='ocr_line' id='line_1_4' title="bbox 339 659 1162 729; baseline -0.001 -16"><span class='ocrx_word' id='word_1_14' title='bbox 339 659 448 714; x_wconf 78' lang='lat' dir='ltr'>Emtori</span> <span class='ocrx_word' id='word_1_15' title='bbox 464 662 576 728; x_wconf 91' lang='lat' dir='ltr'>tempus</span> <span class='ocrx_word' id='word_1_16' title='bbox 590 659 745 714; x_wconf 89' lang='lat' dir='ltr'>venditoris</span> <span class='ocrx_word' id='word_1_17' title='bbox 758 661 795 714; x_wconf 86' lang='lat' dir='ltr'>ad</span> <span class='ocrx_word' id='word_1_18' title='bbox 806 660 1010 729; x_wconf 79' lang='lat' dir='ltr'>usucapionem</span> <span class='ocrx_word' id='word_1_19' title='bbox 1021 659 1162 728; x_wconf 76' lang='lat' dir='ltr'>procedit.</span> 
     </span>
     <span class='ocr_line' id='line_1_5' title="bbox 340 744 1159 814; baseline -0.004 -15"><span class='ocrx_word' id='word_1_20' title='bbox 340 745 374 799; x_wconf 91' lang='lat' dir='ltr'>ld</span> <span class='ocrx_word' id='word_1_21' title='bbox 386 748 498 813; x_wconf 86' lang='lat' dir='ltr'>tempus</span> <span class='ocrx_word' id='word_1_22' title='bbox 513 744 667 798; x_wconf 88' lang='lat' dir='ltr'>venditoris</span> <span class='ocrx_word' id='word_1_23' title='bbox 679 746 797 814; x_wconf 92' lang='lat' dir='ltr'>prodest</span> <span class='ocrx_word' id='word_1_24' title='bbox 809 746 918 808; x_wconf 85' lang='lat' dir='ltr'>emtori,</span> <span class='ocrx_word' id='word_1_25' title='bbox 932 761 988 813; x_wconf 91' lang='lat' dir='ltr'>quo</span> <span class='ocrx_word' id='word_1_26' title='bbox 1002 747 1159 812; x_wconf 77' lang='lat' dir='ltr'>antequam</span> 
     </span>
     <span class='ocr_line' id='line_1_6' title="bbox 278 830 1160 899; baseline -0.005 -15"><span class='ocrx_word' id='word_1_27' title='bbox 278 830 437 894; x_wconf 68' lang='lat' dir='ltr'>uenderet,</span> <span class='ocrx_word' id='word_1_28' title='bbox 459 831 594 899; x_wconf 77' lang='lat' dir='ltr'>possedit.</span> <span class='ocrx_word' id='word_1_29' title='bbox 630 832 762 884; x_wconf 72' lang='lat' dir='ltr'>Faunus:</span> <span class='ocrx_word' id='word_1_30' title='bbox 790 834 807 885; x_wconf 86' lang='grc' dir='ltr'>ἱ.</span> <span class='ocrx_word' id='word_1_31' title='bbox 834 840 864 885; x_wconf 81' lang='grc'>14</span> <span class='ocrx_word' id='word_1_32' title='bbox 882 848 930 899; x_wconf 83' lang='lat' dir='ltr'>pr.</span> <span class='ocrx_word' id='word_1_33' title='bbox 954 833 988 886; x_wconf 84' lang='lat' dir='ltr'>D.</span> <span class='ocrx_word' id='word_1_34' title='bbox 1010 833 1043 883; x_wconf 81' lang='lat' dir='ltr'>de</span> <span class='ocrx_word' id='word_1_35' title='bbox 1064 845 1160 896; x_wconf 83' lang='lat' dir='ltr'>usurp.</span> 
     </span>
     <span class='ocr_line' id='line_1_7' title="bbox 274 921 1127 977; baseline 0.002 -11"><span class='ocrx_word' id='word_1_36' title='bbox 274 937 275 941; x_wconf 49' lang='lat'>¹</span> <span class='ocrx_word' id='word_1_37' title='bbox 1040 923 1083 977; x_wconf 81' lang='lat'>41,</span> <span class='ocrx_word' id='word_1_38' title='bbox 1103 921 1127 968; x_wconf 82' lang='lat'>3.</span> 
     </span>
     <span class='ocr_line' id='line_1_8' title="bbox 340 978 1161 1070; baseline 0 -17"><span class='ocrx_word' id='word_1_39' title='bbox 340 978 450 1055; x_wconf 68' lang='lat' dir='ltr'>Emtori</span> <span class='ocrx_word' id='word_1_40' title='bbox 472 1001 559 1056; x_wconf 85' lang='lat' dir='ltr'>etiam</span> <span class='ocrx_word' id='word_1_41' title='bbox 581 1001 735 1057; x_wconf 88' lang='lat' dir='ltr'>venditoris</span> <span class='ocrx_word' id='word_1_42' title='bbox 760 1003 823 1057; x_wconf 82' lang='lat' dir='ltr'>iura</span> <span class='ocrx_word' id='word_1_43' title='bbox 839 1002 976 1070; x_wconf 83' lang='lat' dir='ltr'>prodesse</span> <span class='ocrx_word' id='word_1_44' title='bbox 995 1017 1053 1055; x_wconf 90' lang='lat' dir='ltr'>non</span> <span class='ocrx_word' id='word_1_45' title='bbox 1071 1001 1161 1053; x_wconf 88' lang='lat' dir='ltr'>ambi·</span> 
     </span>
     <span class='ocr_line' id='line_1_9' title="bbox 289 1085 785 1154; baseline 0.004 -16"><span class='ocrx_word' id='word_1_46' title='bbox 289 1085 373 1154; x_wconf 81' lang='lat' dir='ltr'>gitur.</span> <span class='ocrx_word' id='word_1_47' title='bbox 411 1087 439 1138; x_wconf 80' lang='lat' dir='ltr'><em>L</em></span> <span class='ocrx_word' id='word_1_48' title='bbox 460 1093 492 1140; x_wconf 79' lang='lat'>‘28</span> <span class='ocrx_word' id='word_1_49' title='bbox 515 1088 539 1139; x_wconf 78' lang='grc' dir='ltr'>θ.</span> <span class='ocrx_word' id='word_1_50' title='bbox 559 1089 591 1140; x_wconf 82' lang='lat' dir='ltr'>de</span> <span class='ocrx_word' id='word_1_51' title='bbox 609 1090 682 1140; x_wconf 71' lang='lat' dir='ltr'>evici.</span> <span class='ocrx_word' id='word_1_52' title='bbox 702 1095 725 1150; x_wconf 89' lang='grc'>8,</span> <span class='ocrx_word' id='word_1_53' title='bbox 744 1095 785 1142; x_wconf 83' lang='grc'>45.</span> 
     </span>
     <span class='ocr_line' id='line_1_10' title="bbox 341 1170 1162 1241; baseline 0.004 -17"><span class='ocrx_word' id='word_1_54' title='bbox 341 1170 504 1239; x_wconf 89' lang='lat' dir='ltr'>Usueapere</span> <span class='ocrx_word' id='word_1_55' title='bbox 526 1189 655 1240; x_wconf 90' lang='lat' dir='ltr'>possum,</span> <span class='ocrx_word' id='word_1_56' title='bbox 679 1173 756 1241; x_wconf 89' lang='lat' dir='ltr'>quod</span> <span class='ocrx_word' id='word_1_57' title='bbox 779 1176 879 1227; x_wconf 84' lang='lat' dir='ltr'>auctor</span> <span class='ocrx_word' id='word_1_58' title='bbox 902 1189 982 1226; x_wconf 90' lang='lat' dir='ltr'>meus</span> <span class='ocrx_word' id='word_1_59' title='bbox 1001 1189 1162 1241; x_wconf 79' lang='lat' dir='ltr'>usucapere</span> 
     </span>
     <span class='ocr_line' id='line_1_11' title="bbox 289 1255 1165 1325; baseline 0.005 -18"><span class='ocrx_word' id='word_1_60' title='bbox 289 1272 348 1309; x_wconf 90' lang='lat' dir='ltr'>non</span> <span class='ocrx_word' id='word_1_61' title='bbox 365 1256 467 1324; x_wconf 88' lang='lat' dir='ltr'>potuit.</span> <span class='ocrx_word' id='word_1_62' title='bbox 502 1255 668 1310; x_wconf 71' lang='lat' dir='ltr'>ULPIANUS:</span> <span class='ocrx_word' id='word_1_63' title='bbox 688 1259 704 1310; x_wconf 85' lang='lat' dir='ltr'>l.</span> <span class='ocrx_word' id='word_1_64' title='bbox 724 1265 738 1312; x_wconf 85' lang='lat'>5</span> <span class='ocrx_word' id='word_1_65' title='bbox 752 1273 799 1325; x_wconf 82' lang='lat' dir='ltr'>pr.</span> <span class='ocrx_word' id='word_1_66' title='bbox 819 1259 852 1311; x_wconf 82' lang='grc'>1).</span> <span class='ocrx_word' id='word_1_67' title='bbox 871 1260 903 1312; x_wconf 80' lang='lat' dir='ltr'>de</span> <span class='ocrx_word' id='word_1_68' title='bbox 921 1261 1016 1312; x_wconf 76' lang='lat' dir='ltr'>diuers.</span> <span class='ocrx_word' id='word_1_69' title='bbox 1030 1264 1108 1324; x_wconf 83' lang='lat' dir='ltr'>temp.</span> <span class='ocrx_word' id='word_1_70' title='bbox 1116 1275 1165 1325; x_wconf 85' lang='lat' dir='ltr'>pr.</span> 
     </span>
     <span class='ocr_line' id='line_1_12' title="bbox 1041 1352 1129 1406; baseline -0.011 -8"><span class='ocrx_word' id='word_1_71' title='bbox 1041 1353 1084 1406; x_wconf 78' lang='lat'>44,</span> <span class='ocrx_word' id='word_1_72' title='bbox 1105 1352 1129 1398; x_wconf 84' lang='lat'>3.</span> 
     </span>
     <span class='ocr_line' id='line_1_13' title="bbox 342 1424 1166 1499; baseline 0.005 -22"><span class='ocrx_word' id='word_1_73' title='bbox 342 1424 475 1479; x_wconf 85' lang='lat' dir='ltr'>Accessio</span> <span class='ocrx_word' id='word_1_74' title='bbox 500 1424 560 1478; x_wconf 90' lang='lat' dir='ltr'>sine</span> <span class='ocrx_word' id='word_1_75' title='bbox 578 1430 675 1480; x_wconf 87' lang='lat' dir='ltr'>nostro</span> <span class='ocrx_word' id='word_1_76' title='bbox 694 1430 821 1497; x_wconf 86' lang='lat' dir='ltr'>tempore</span> <span class='ocrx_word' id='word_1_77' title='bbox 839 1428 921 1482; x_wconf 89' lang='lat' dir='ltr'>nobis</span> <span class='ocrx_word' id='word_1_78' title='bbox 944 1429 1081 1499; x_wconf 81' lang='lat' dir='ltr'>prodesse</span> <span class='ocrx_word' id='word_1_79' title='bbox 1107 1446 1166 1482; x_wconf 93' lang='lat' dir='ltr'>non</span> 
     </span>
     <span class='ocr_line' id='line_1_14' title="bbox 290 1511 1134 1582; baseline 0.004 -19"><span class='ocrx_word' id='word_1_80' title='bbox 290 1512 394 1578; x_wconf 87' lang='lat' dir='ltr'>potest.</span> <span class='ocrx_word' id='word_1_81' title='bbox 430 1511 564 1563; x_wconf 72' lang='lat' dir='ltr'><strong>PAULUS:</strong></span> <span class='ocrx_word' id='word_1_82' title='bbox 583 1513 600 1564; x_wconf 84' lang='lat' dir='ltr'>l.</span> <span class='ocrx_word' id='word_1_83' title='bbox 621 1520 651 1566; x_wconf 90' lang='grc'>16</span> <span class='ocrx_word' id='word_1_84' title='bbox 671 1513 702 1565; x_wconf 85' lang='lat' dir='ltr'>D.</span> <span class='ocrx_word' id='word_1_85' title='bbox 721 1516 754 1566; x_wconf 86' lang='lat' dir='ltr'>de</span> <span class='ocrx_word' id='word_1_86' title='bbox 771 1516 867 1567; x_wconf 75' lang='lat' dir='ltr'>diuers.</span> <span class='ocrx_word' id='word_1_87' title='bbox 887 1521 965 1582; x_wconf 79' lang='lat' dir='ltr'>temp.</span> <span class='ocrx_word' id='word_1_88' title='bbox 979 1531 1026 1582; x_wconf 84' lang='lat' dir='ltr'>pr.</span> <span class='ocrx_word' id='word_1_89' title='bbox 1046 1523 1089 1578; x_wconf 80' lang='lat'>44,</span> <span class='ocrx_word' id='word_1_90' title='bbox 1109 1521 1134 1567; x_wconf 82' lang='lat'>3.</span> 
     </span>
     <span class='ocr_line' id='line_1_15' title="bbox 343 1594 1168 1668; baseline 0.006 -21"><span class='ocrx_word' id='word_1_91' title='bbox 343 1594 495 1663; x_wconf 87' lang='lat' dir='ltr'>Usurpatio</span> <span class='ocrx_word' id='word_1_92' title='bbox 524 1598 567 1649; x_wconf 92' lang='lat' dir='ltr'>est</span> <span class='ocrx_word' id='word_1_93' title='bbox 594 1598 775 1666; x_wconf 82' lang='lat' dir='ltr'>usucapionis</span> <span class='ocrx_word' id='word_1_94' title='bbox 803 1599 982 1668; x_wconf 89' lang='lat' dir='ltr'>interruptio.</span> <span class='ocrx_word' id='word_1_95' title='bbox 1027 1600 1168 1653; x_wconf 76' lang='lat' dir='ltr'>Pronus:</span> 
     </span>
     <span class='ocr_line' id='line_1_16' title="bbox 757 1685 1132 1752; baseline 0.008 -15"><span class='ocrx_word' id='word_1_96' title='bbox 757 1685 774 1737; x_wconf 90' lang='lat' dir='ltr'>l.</span> <span class='ocrx_word' id='word_1_97' title='bbox 794 1691 808 1737; x_wconf 77' lang='lat'>2</span> <span class='ocrx_word' id='word_1_98' title='bbox 827 1686 860 1738; x_wconf 87' lang='grc' dir='ltr'>Ι).</span> <span class='ocrx_word' id='word_1_99' title='bbox 879 1687 912 1738; x_wconf 84' lang='lat' dir='ltr'>de</span> <span class='ocrx_word' id='word_1_100' title='bbox 930 1701 1023 1752; x_wconf 83' lang='lat' dir='ltr'>usurp.</span> <span class='ocrx_word' id='word_1_101' title='bbox 1044 1694 1086 1749; x_wconf 83' lang='grc'>41,</span> <span class='ocrx_word' id='word_1_102' title='bbox 1107 1693 1132 1740; x_wconf 85' lang='grc'>3.</span> 
     </span>
    </p>
   </div>
   <div class='ocr_carea' id='block_1_3' title="bbox 615 1877 839 1933">
    <p class='ocr_par' dir='ltr' id='par_1_3' title="bbox 615 1877 839 1933">
     <span class='ocr_line' id='line_1_17' title="bbox 615 1877 839 1933; baseline 0.018 -4"><span class='ocrx_word' id='word_1_103' title='bbox 615 1877 839 1933; x_wconf 86' lang='lat' dir='ltr'>Praesumtio.</span> 
     </span>
    </p>
   </div>
   <div class='ocr_carea' id='block_1_4' title="bbox 344 2001 908 2156">
    <p class='ocr_par' dir='ltr' id='par_1_4' title="bbox 344 2001 908 2156">
     <span class='ocr_line' id='line_1_18' title="bbox 344 2001 908 2081; baseline 0.011 -28"><span class='ocrx_word' id='word_1_104' title='bbox 344 2001 520 2056; x_wconf 87' lang='lat' dir='ltr'>Praesumtio</span> <span class='ocrx_word' id='word_1_105' title='bbox 540 2002 616 2056; x_wconf 85' lang='lat' dir='ltr'>cedit</span> <span class='ocrx_word' id='word_1_106' title='bbox 634 2004 755 2059; x_wconf 87' lang='lat' dir='ltr'>veritati.</span> <span class='ocrx_word' id='word_1_107' title='bbox 906 2075 908 2081; x_wconf 27' lang='grc' dir='ltr'>Ι</span> 
     </span>
     <span class='ocr_line' id='line_1_19' title="bbox 345 2085 850 2156; baseline 0.014 -19"><span class='ocrx_word' id='word_1_108' title='bbox 345 2085 479 2140; x_wconf 84' lang='lat' dir='ltr'>Probatio</span> <span class='ocrx_word' id='word_1_109' title='bbox 497 2086 585 2140; x_wconf 81' lang='lat' dir='ltr'>vincit</span> <span class='ocrx_word' id='word_1_110' title='bbox 601 2089 850 2156; x_wconf 77' lang='lat' dir='ltr'>praesumtionem.</span> 
     </span>
    </p>
   </div>
   <div class='ocr_carea' id='block_1_5' title="bbox 296 2169 1172 2308">
    <p class='ocr_par' dir='ltr' id='par_1_5' title="bbox 296 2169 1172 2308">
     <span class='ocr_line' id='line_1_20' title="bbox 346 2169 1172 2248; baseline 0.015 -27"><span class='ocrx_word' id='word_1_111' title='bbox 346 2169 470 2233; x_wconf 82' lang='lat' dir='ltr'>Quilibet</span> <span class='ocrx_word' id='word_1_112' title='bbox 490 2173 678 2239; x_wconf 89' lang='lat' dir='ltr'>praesumitur</span> <span class='ocrx_word' id='word_1_113' title='bbox 700 2175 805 2239; x_wconf 89' lang='lat' dir='ltr'>bonus,</span> <span class='ocrx_word' id='word_1_114' title='bbox 829 2195 918 2245; x_wconf 90' lang='lat' dir='ltr'>usque</span> <span class='ocrx_word' id='word_1_115' title='bbox 943 2178 1011 2232; x_wconf 91' lang='lat' dir='ltr'>dum</span> <span class='ocrx_word' id='word_1_116' title='bbox 1029 2180 1172 2248; x_wconf 88' lang='lat' dir='ltr'>probetur</span> 
     </span>
     <span class='ocr_line' id='line_1_21' title="bbox 296 2254 474 2308; baseline 0.011 -2"><span class='ocrx_word' id='word_1_117' title='bbox 296 2254 474 2308; x_wconf 79' lang='lat' dir='ltr'>eontrarium.</span> 
     </span>
    </p>
   </div>
   <div class='ocr_carea' id='block_1_6' title="bbox 347 2337 1174 2413">
    <p class='ocr_par' dir='ltr' id='par_1_6' title="bbox 347 2337 1174 2413">
     <span class='ocr_line' id='line_1_22' title="bbox 347 2337 1174 2413; baseline 0.018 -23"><span class='ocrx_word' id='word_1_118' title='bbox 347 2337 439 2392; x_wconf 86' lang='lat' dir='ltr'>Semel</span> <span class='ocrx_word' id='word_1_119' title='bbox 457 2340 546 2393; x_wconf 88' lang='lat' dir='ltr'>malus</span> <span class='ocrx_word' id='word_1_120' title='bbox 566 2358 675 2411; x_wconf 90' lang='lat' dir='ltr'>semper</span> <span class='ocrx_word' id='word_1_121' title='bbox 692 2346 883 2413; x_wconf 89' lang='lat' dir='ltr'>praesumitur</span> <span class='ocrx_word' id='word_1_122' title='bbox 902 2365 963 2402; x_wconf 90' lang='lat' dir='ltr'>esse</span> <span class='ocrx_word' id='word_1_123' title='bbox 982 2350 1083 2404; x_wconf 89' lang='lat' dir='ltr'>malus.</span> <span class='ocrx_word' id='word_1_124' title='bbox 1112 2367 1135 2403; x_wconf 85' lang='lat' dir='ltr'>c.</span> <span class='ocrx_word' id='word_1_125' title='bbox 1155 2358 1174 2405; x_wconf 90' lang='lat'>8</span> 
     </span>
    </p>
   </div>
   <div class='ocr_carea' id='block_1_7' title="bbox 347 2433 1174 2588">
    <p class='ocr_par' dir='ltr' id='par_1_7' title="bbox 347 2433 1174 2588">
     <span class='ocr_line' id='line_1_23' title="bbox 787 2433 1135 2489; baseline 0.017 -6"><span class='ocrx_word' id='word_1_126' title='bbox 787 2434 820 2484; x_wconf 81' lang='lat' dir='ltr'>de</span> <span class='ocrx_word' id='word_1_127' title='bbox 840 2433 873 2484; x_wconf 86' lang='lat' dir='ltr'>R.</span> <span class='ocrx_word' id='word_1_128' title='bbox 893 2434 918 2488; x_wconf 82' lang='lat' dir='ltr'>J.</span> <span class='ocrx_word' id='word_1_129' title='bbox 938 2435 966 2486; x_wconf 73' lang='lat' dir='ltr'>in</span> <span class='ocrx_word' id='word_1_130' title='bbox 985 2440 1028 2488; x_wconf 82' lang='lat' dir='ltr'>sto</span> <span class='ocrx_word' id='word_1_131' title='bbox 1047 2443 1072 2489; x_wconf 80' lang='lat'>5.</span> <span class='ocrx_word' id='word_1_132' title='bbox 1093 2442 1135 2489; x_wconf 73' lang='lat'>12.</span> 
     </span>
     <span class='ocr_line' id='line_1_24' title="bbox 347 2505 1174 2588; baseline 0.019 -30"><span class='ocrx_word' id='word_1_133' title='bbox 347 2505 538 2563; x_wconf 86' lang='lat' dir='ltr'>Praesumitur</span> <span class='ocrx_word' id='word_1_134' title='bbox 556 2511 724 2580; x_wconf 78' lang='lat' dir='ltr'>ignorantia,</span> <span class='ocrx_word' id='word_1_135' title='bbox 743 2516 792 2569; x_wconf 88' lang='lat' dir='ltr'>ubi</span> <span class='ocrx_word' id='word_1_136' title='bbox 812 2517 933 2572; x_wconf 82' lang='lat' dir='ltr'>scientia</span> <span class='ocrx_word' id='word_1_137' title='bbox 951 2537 1009 2573; x_wconf 91' lang='lat' dir='ltr'>non</span> <span class='ocrx_word' id='word_1_138' title='bbox 1020 2523 1174 2588; x_wconf 81' lang='lat' dir='ltr'>probatur.</span> 
     </span>
    </p>
   </div>
   <div class='ocr_carea' id='block_1_8' title="bbox 694 2603 1136 2669">
    <p class='ocr_par' dir='ltr' id='par_1_8' title="bbox 694 2603 1136 2669">
     <span class='ocr_line' id='line_1_25' title="bbox 694 2603 1136 2669; baseline 0.016 -18"><span class='ocrx_word' id='word_1_139' title='bbox 694 2603 1136 2669; x_wconf 55' lang='lat' dir='ltr'>cnoessdmwam</span> 
     </span>
    </p>
   </div>
   <div class='ocr_carea' id='block_1_9' title="bbox 347 2674 869 2836">
    <p class='ocr_par' dir='ltr' id='par_1_9' title="bbox 347 2674 869 2836">
     <span class='ocr_line' id='line_1_26' title="bbox 347 2674 816 2750; baseline 0.023 -23"><span class='ocrx_word' id='word_1_140' title='bbox 347 2674 527 2745; x_wconf 78' lang='lat' dir='ltr'>Negiigentia</span> <span class='ocrx_word' id='word_1_141' title='bbox 544 2697 601 2734; x_wconf 92' lang='lat' dir='ltr'>non</span> <span class='ocrx_word' id='word_1_142' title='bbox 618 2683 816 2750; x_wconf 87' lang='lat' dir='ltr'>praesumitur.</span> 
     </span>
     <span class='ocr_line' id='line_1_27' title="bbox 347 2759 869 2836; baseline 0.025 -25"><span class='ocrx_word' id='word_1_143' title='bbox 347 2759 455 2814; x_wconf 81' lang='lat' dir='ltr'>lactare</span> <span class='ocrx_word' id='word_1_144' title='bbox 474 2779 555 2816; x_wconf 89' lang='lat' dir='ltr'>suum</span> <span class='ocrx_word' id='word_1_145' title='bbox 572 2781 653 2820; x_wconf 87' lang='lat' dir='ltr'>nemo</span> <span class='ocrx_word' id='word_1_146' title='bbox 672 2770 869 2836; x_wconf 89' lang='lat' dir='ltr'>praesumitur.</span> 
     </span>
    </p>
   </div>
   <div class='ocr_carea' id='block_1_10' title="bbox 297 2842 1178 2994">
    <p class='ocr_par' dir='ltr' id='par_1_10' title="bbox 297 2842 1178 2994">
     <span class='ocr_line' id='line_1_28' title="bbox 347 2842 1178 2928; baseline 0.023 -32"><span class='ocrx_word' id='word_1_147' title='bbox 347 2842 514 2913; x_wconf 85' lang='lat' dir='ltr'>Diligentior</span> <span class='ocrx_word' id='word_1_148' title='bbox 534 2851 723 2917; x_wconf 87' lang='lat' dir='ltr'>praesumitur</span> <span class='ocrx_word' id='word_1_149' title='bbox 744 2854 774 2906; x_wconf 92' lang='lat' dir='ltr'>in</span> <span class='ocrx_word' id='word_1_150' title='bbox 801 2872 831 2908; x_wconf 88' lang='lat' dir='ltr'>rs</span> <span class='ocrx_word' id='word_1_151' title='bbox 862 2873 914 2909; x_wconf 91' lang='lat' dir='ltr'>sua</span> <span class='ocrx_word' id='word_1_152' title='bbox 933 2857 1064 2913; x_wconf 90' lang='lat' dir='ltr'>dominus</span> <span class='ocrx_word' id='word_1_153' title='bbox 1084 2876 1178 2928; x_wconf 84' lang='lat' dir='ltr'>quam</span> 
     </span>
     <span class='ocr_line' id='line_1_29' title="bbox 297 2931 471 2994; baseline 0.023 -15"><span class='ocrx_word' id='word_1_154' title='bbox 297 2931 471 2994; x_wconf 87' lang='lat' dir='ltr'>procurator.</span> 
     </span>
    </p>
   </div>
   <div class='ocr_carea' id='block_1_11' title="bbox 348 3012 1083 3094">
    <p class='ocr_par' dir='ltr' id='par_1_11' title="bbox 348 3012 1083 3094">
     <span class='ocr_line' id='line_1_30' title="bbox 348 3012 1083 3094; baseline 0.027 -31"><span class='ocrx_word' id='word_1_155' title='bbox 348 3012 402 3065; x_wconf 91' lang='lat' dir='ltr'>Pro</span> <span class='ocrx_word' id='word_1_156' title='bbox 421 3014 538 3070; x_wconf 89' lang='lat' dir='ltr'>veritate</span> <span class='ocrx_word' id='word_1_157' title='bbox 557 3018 734 3076; x_wconf 88' lang='lat' dir='ltr'>instrumenti</span> <span class='ocrx_word' id='word_1_158' title='bbox 752 3040 863 3093; x_wconf 86' lang='lat' dir='ltr'>semper</span> <span class='ocrx_word' id='word_1_159' title='bbox 881 3028 1083 3094; x_wconf 88' lang='lat' dir='ltr'>praesumitur.</span> 
     </span>
    </p>
   </div>
   <div class='ocr_carea' id='block_1_12' title="bbox 0 0 1342 3560">
    <p class='ocr_par' dir='ltr' id='par_1_12' title="bbox 0 0 1342 3560">
     <span class='ocr_line' id='line_1_31' title="bbox 0 0 1342 3560; baseline 0 0"><span class='ocrx_word' id='word_1_160' title='bbox 0 0 1342 3560; x_wconf 95' lang='lat' dir='ltr'> </span> 
     </span>
    </p>
   </div>
  </div>
 </body>
</html>
