2666 3560
579 560 679 615 Usus.

246 709 319 763 Usus
338 710 381 762 est
397 724 449 777 pro
467 702 657 776 possessione.

245 795 319 850 Usus
338 811 396 848 non
412 794 510 862 potest
528 809 546 846 a
562 806 684 860 persona
703 785 836 857 separari.

247 879 300 935 Cui
318 897 385 934 usus
402 878 518 932 relictus
538 878 590 940 est,
609 876 651 930 uti
668 875 771 944 potest,
789 872 845 928 frui
861 889 920 926 non
937 871 1041 940 potest

479 963 646 1018 ULPIANUS:
664 963 680 1013 l.
700 967 775 1028 tpr.
794 960 827 1013 D.
845 961 944 1011 deuse
963 965 986 1018 7,
1005 963 1029 1010 8.

246 1052 312 1107 Frui
329 1069 380 1122 pro
398 1053 480 1122 parte
497 1067 656 1120 possumus,
675 1049 719 1103 uti
735 1064 787 1117 pro
803 1048 884 1115 parte
897 1061 954 1099 uon
966 1061 1064 1114 possu-

194 1157 265 1194 mus.
299 1139 432 1192 PAULUS:
452 1140 469 1191 l.
490 1137 571 1193 191).
591 1138 623 1189 de
640 1151 689 1188 usu
708 1141 731 1197 7,
750 1140 774 1188 8.

513 1331 748 1388 Ususfruotus.

246 1480 428 1535 Ususfruotus
453 1483 497 1534 est
522 1480 565 1534 ius
592 1480 675 1534 rebus
702 1476 802 1532 alienis
828 1475 927 1530 utendi
952 1475 1065 1539 fruendi
1094 1527 1098 1534 ,

196 1567 275 1620 salva
285 1582 379 1620 rerum
392 1565 560 1621 substantia.
586 1566 720 1620 pimus:
739 1569 757 1620 1.
772 1576 784 1621 1
805 1567 838 1620 1).
851 1569 884 1619 de
895 1562 983 1633 urusr.
1004 1577 1026 1632 7,
1041 1577 1064 1625 1.

246 1651 429 1707 Ususfruotus
448 1652 508 1706 siue
526 1669 648 1722 persona
667 1651 801 1706 constitui
818 1669 876 1706 non
892 1656 995 1722 potest.

263 1737 538 1792 Humoosmrus:
551 1741 569 1791 l.
580 1745 610 1793 61
626 1740 643 1807 g
655 1749 665 1792 1
677 1740 711 1792 D.
721 1741 755 1792 de
764 1754 837 1806 aequ.
848 1754 903 1792 rer.
912 1741 977 1794 dom.
988 1747 1030 1802 41,
1041 1749 1066 1795 1.

154 1854 156 1862 =
246 1825 428 1880 Usussructus
448 1825 508 1879 sine
521 1841 644 1894 persona
656 1841 718 1879 esse
731 1841 788 1878 non
800 1827 904 1893 potest.
930 1824 1066 1879 rimus:

561 1912 579 1963 1.
598 1916 629 1962 26
648 1910 682 1962 J).
699 1911 733 1962 de
750 1912 840 1977 stapel.
858 1926 926 1964 serv.
945 1917 987 1973 45,
1007 1918 1030 1966 8.

246 1997 427 2051 Ususfruetus
445 2013 506 2059 nou
519 1995 651 2066 portioni,
670 1996 721 2050 sed
737 1995 845 2050 homini
864 1996 1009 2052 accrescit.

305 2082 437 2136 PAULUS:
456 2085 473 2135 l.
493 2090 525 2136 14
544 2083 561 2150 ἓ
582 2091 594 2136 1
613 2083 648 2135 Ι),
666 2083 698 2134 de
716 2087 820 2149 except.
838 2085 887 2136 rei.
898 2085 960 2149 jud.
978 2090 1019 2146 44,
1039 2091 1065 2138 2.

246 2168 429 2222 Ususfructus
447 2167 567 2237 usucapi
585 2185 641 2221 non
653 2170 757 2236 potest.
785 2167 983 2224 Firminus:
1003 2171 1019 2222 1.
1031 2179 1065 2225 44

666 2254 768 2322 551).
786 2257 819 2307 de
836 2271 928 2321 usurp.
946 2263 988 2318 41,
1008 2262 1031 2308 3.

247 2339 420 2394 Naturaliter
437 2339 549 2408 videtur
565 2340 711 2408 possidere
729 2339 766 2401 ie,
789 2340 837 2408 qui
861 2341 1066 2396 usumfructum

195 2426 291 2481 habet.
326 2426 491 2480 Ummium:
518 2427 536 2479 l.
557 2433 587 2480 12
605 2442 652 2493 pr.
671 2427 704 2479 D.
723 2429 756 2479 de
773 2441 847 2494 aequ.
869 2428 910 2480 vel
928 2442 977 2480 om.
995 2442 1066 2495 porr.

946 2521 988 2575 41,
1007 2519 1030 2566 2.

248 2582 430 2652 Ususfmetus
444 2615 462 2651 a
472 2597 646 2667 proprietate
666 2597 875 2666 separationem
887 2598 996 2667 recipit.
1020 2599 1036 2666 ξ
1051 2607 1063 2652 1

766 2683 790 2737 J.
810 2686 842 2736 de
859 2686 945 2752 usufr.
965 2690 987 2747 2,
1006 2693 1030 2737 4.

248 2770 428 2825 Fmotuarius
453 2786 567 2824 oausam
584 2769 766 2839 proprietatis
785 2769 954 2824 deteriorem
972 2769 1066 2823 faeere

195 2873 253 2910 non
272 2855 370 2920 debet,
393 2855 540 2910 meliorem
557 2856 650 2909 facere
669 2858 772 2924 potest.
808 2855 971 2908 orimum:
995 2857 1013 2908 l.
1033 2862 1065 2908 13

687 2942 790 3010 541).
808 2936 944 3008 deuruf'r.
964 2949 987 3004 7,
1007 2949 1030 2994 1.

246 3026 428 3081 Fructuan'us
453 3025 612 3081 custodiam
634 3031 778 3096 praestare
801 3027 894 3081 debet.
930 3026 1066 3081 rimus:
1114 3085 1120 3096 ,

503 3114 521 3165 1.
542 3120 556 3166 2
574 3113 608 3164 Ι).
626 3116 712 3182 usufr.
731 3117 872 3181 quemadm.
890 3128 945 3166 εσυ.
965 3120 987 3176 7,
1007 3119 1031 3166 9.
