2634 3556
687 307 727 370 68

272 475 320 546 agi
346 474 451 546 poterit
477 473 507 528 in
534 473 664 544 solidum.
698 474 864 528 Unrnrns:
891 470 907 527 ἰ.
932 481 963 532 16
983 490 1029 542 pr.
1052 475 1087 528 D.
1112 477 1144 528 dc

304 557 306 560 ’
532 561 533 565 ’
810 576 906 628 pecua.
924 565 1004 614 const.
1019 561 1064 623 18,
1086 568 1109 614 5.

270 639 274 648 ¹
325 646 354 702 Si
371 648 467 717 plures
487 646 544 700 sint
561 646 758 709 fideiussores„
769 648 1005 716 quotqucterunt
1016 663 1145 708 numere,

273 733 378 802 singuli
396 732 426 786 in
445 732 566 787 solidum
584 733 725 786 tenentur.
763 732 779 800 5
798 739 814 784 4
832 733 857 785 J.
878 733 1001 800 defidej„
1018 739 1041 794 3,
1061 739 1102 786 21.

326 818 355 872 Si
377 819 473 888 plures
496 835 598 872 navem
623 811 786 880 exerceant,
809 834 874 870 cum
897 817 1026 884 quolibet
1048 834 1147 871 eorum
1202 866 1204 870 .

272 905 303 960 in
330 904 451 959 solidum
479 903 527 973 agi
552 905 658 972 potest.
692 902 860 956 ULPIANUS:
888 901 937 956 11
963 900 1089 971 §1251ss
1113 899 1145 954 de

577 993 579 997 '
822 993 1004 1042 00000001.
1025 996 1065 1052 14,
1086 985 1109 1041 1.
1139 991 1141 997 ’

286 1127 287 1132 ,
324 1075 451 1128 Duorum
468 1073 499 1127 in
518 1073 639 1127 solidum
658 1073 813 1128 dominium
831 1090 893 1128 esse
911 1091 969 1128 non
986 1075 1093 1142 potest.
1144 1140 1146 1146 Α

459 1159 624 1212 Uaramus:
644 1161 660 1211 7.
680 1167 695 1212 5
715 1160 731 1228 5
753 1160 835 1212 151).
854 1160 1008 1212 commodati
1026 1165 1066 1226 13,
1086 1165 1110 1212 6.
1160 1155 1163 1164 ’

269 1271 270 1274 “
324 1245 423 1300 Plures
454 1245 574 1298 eandem
603 1261 663 1298 rem
690 1245 721 1298 in
746 1235 878 1315 solidum
912 1244 1059 1314 possidere
1090 1237 1150 1296 n'on

273 1334 402 1404 possunt.
438 1331 572 1386 Faunus:
592 1333 609 1383 l.
628 1337 642 1384 3
662 1331 678 1399 5
699 1331 766 1386 51).
785 1332 817 1383 dc
833 1346 905 1398 aequ.
920 1345 994 1398 poss.
1011 1325 1054 1392 41,
1074 1335 1098 1383 2.

325 1417 380 1471 Uni
399 1418 454 1471 duo
471 1409 529 1486 pro'
544 1415 634 1470 solido
652 1416 772 1489 heredes
793 1432 855 1470 esse
874 1432 932 1469 non
947 1418 1078 1484 possunt.

385 1563 388 1568 ⁸
477 1501 1133 1570 Paunus:l.14151D.deR.J.50,17.,

537 1776 539 1779 .
624 1699 811 1752 Interesse„

327 1842 471 1908 Quatenus
491 1841 629 1911 cuiusque
647 1840 771 1904 intersit,
787 1841 824 1904 ⁴in
847 1841 935 1904 sacto,
958 1858 1017 1895 non
1037 1841 1068 1894 in
1085 1840 1147 1895 iure

275 1927 414 1994 consistit.
449 1928 584 1982 PAULUS:
603 1930 620 1980 l.
639 1935 672 2002 24
690 1927 728 1984 1)..
743 1929 776 1980 de
794 1928 827 1980 B.
845 1929 870 1981 J.
890 1934 930 1990 50,
951 1935 991 1980 17.

327 2015 408 2080 Quod
431 2015 563 2077 interest,
587 2013 666 2084 dupli
685 2012 874 2080 quantitatem
892 2005 1009 2066 minime
1025 2011 1155 2066 excedit..

651 2100 682 2151 1.
698 2099 743 2158 07ιᾴ
763 2099 789 2151 Ο.
805 2101 840 2150 ¹de
857 2103 922 2151 sent.
941 2114 1007 2166 quae
1026 2106 1049 2161 7,
1068 2105 1110 2151 47.

326 2185 360 2240 Id
372 2185 448 2252 quod
460 2184 585 2247 interest,
603 2201 661 2238 non
674 2184 767 2244 sotum
780 2201 814 2237 ex
826 2183 929 2237 damno
943 2182 1010 2236 dato
1024 2185 1148 2245 constat,

276 2271 327 2325 sed
346 2270 432 2325 etiam
451 2287 485 2323 ex
501 2268 580 2324 lucro
594 2272 735 2324 cessante.

326 2357 468 2410 Interesse
488 2353 548 2409 eius
567 2353 692 2418 videtur,
716 2353 764 2423 qui
787 2354 922 2408 damnum
938 2370 1074 2422 passurus
1094 2357 1157 2414 est,¹

275 2460 332 2497 non
356 2441 429 2505 eius,
454 2440 503 2510 qui
525 2441 636 2496 lucrum
657 2441 785 2494 facturus
804 2443 888 2496 esset.
923 2439 1109 2495 Iavonnmrs:
1130 2441 1148 2491 l.

346 2528 349 2533 “
703 2533 733 2578 71
754 2526 771 2594 5
792 2533 804 2578 1
825 2526 859 2578 D.
877 2527 910 2578 de
924 2527 1009 2594 sartis
1027 2533 1069 2587 47,
1089 2533 1113 2578 ⁶2.

489 2685 491 2690 Ι
587 2717 839 2788 Interpretatio.
876 2691 882 2704 ⁶

327 2848 443 2906 Minime
462 2852 529 2904 sunt
546 2849 695 2912 mutanda,
715 2866 787 2917 quae
805 2848 1069 2918 interpretationem
1088 2866 1147 2902 cer·
1244 2849 1246 2856 '

275 2937 336 2990 tani
355 2954 467 3006 semper
483 2935 650 2990 habuerunt.
677 2935 810 2990 PAULUS:
829 2938 846 2988 l.
866 2942 897 2990 23
911 2937 944 2989 D.
957 2937 990 2988 de
1002 2931 1066 3002 leqq.
1087 2943 1109 2998 1,
1124 2943 1149 2989 3.

327 3023 383 3076 Ubi
394 3024 440 3078 lex
452 3039 509 3077 non
522 3021 679 3090 distinguit,
699 3037 752 3075 nec
764 3025 893 3076 nostrum
906 3024 950 3076 est
962 3019 1149 3090 distinguere.
