2590 3546
605 335 665 400 153

203 548 207 558 ,
250 506 304 572 Oui
320 509 406 569 tenet,
425 503 582 559 consentire
601 502 720 558 videtur.
748 518 771 557 c.
787 509 820 558 43
839 505 871 556 de
889 503 922 556 R.
935 504 961 558 J.
979 505 1007 554 iu
1025 508 1067 554 tto

949 595 973 651 5,
993 595 1032 642 12.

251 676 315 731 Non
333 675 521 739 consentiunt,
541 675 589 743 qui
607 676 708 728 errant.
743 673 910 728 ULPIANOS:
929 675 945 726 l.
967 682 997 727 15
1016 673 1049 727 D.

249 760 312 815 Non
330 761 469 826 videntur,
489 760 537 830 qui
549 764 651 824 eruunt,
670 757 838 815 consentire.
864 759 1030 812 ULPIANOS:
1050 759 1068 812 1.

519 903 523 914 ⁸
595 845 972 915 megenardum,
993 852 1032 898 17.

250 929 334 986 Error
353 931 428 985 enirn
445 931 621 1001 litigatorum
639 950 696 987 non
714 932 804 986 habet
821 947 997 990 consensum.

423 1017 591 1071 ULPLANOO:
610 1021 627 1070 1.
647 1025 721 1086 2pr.
740 1019 774 1071 I).
793 1020 825 1071 de
835 1019 948 1084 judiciis
966 1023 989 1079 5,
1011 1025 1032 1068 1.

182 1147 184 1150 .
250 1101 334 1156 Nulla
356 1103 485 1158 voluntas
509 1103 627 1158 errantis
651 1106 701 1159 est.
737 1103 923 1157 POMPONIUS:
948 1104 965 1154 l.
984 1101 1067 1154 201).

313 1243 316 1251 ,
811 1191 844 1241 de
862 1204 930 1255 aqua
948 1193 989 1250 39,
1008 1194 1032 1244 3.

250 1272 331 1327 Velle
348 1289 406 1328 non
424 1273 560 1337 creditur,
583 1273 632 1342 qui
654 1274 819 1343 obsequitur
840 1273 958 1342 imperio
976 1261 1066 1341 putris

160 1359 162 1362 ’
199 1358 377 1414 veldomini.
411 1359 576 1413 ULPIANUS:
594 1363 613 1414 I.
632 1369 648 1414 4
666 1362 699 1416 D.
717 1363 750 1413 de
768 1359 903 1423 R.J.50‚
924 1367 963 1412 11.

249 1442 326 1498 Nihil
344 1445 494 1499 consensui
511 1449 571 1500 turn
585 1445 756 1500 eontrarium
768 1448 813 1499 est
825 1462 911 1513 quam
922 1444 965 1498 vis
979 1446 1066 1512 utque

198 1532 299 1584 metus.
334 1529 499 1584 ULPIANUS:
519 1533 535 1585 l.
555 1539 603 1586 116
617 1547 663 1598 pr.
682 1531 714 1584 1).
733 1533 766 1584 de
784 1532 817 1586 R.
835 1531 860 1584 J.
879 1537 919 1594 50,
941 1539 980 1587 17.

249 1615 360 1670 Furiosi
454 1616 533 1670 nullo
550 1617 682 1670 voluntas
701 1618 753 1670 est.
788 1615 975 1672 POMPONIUS:
995 1617 1011 1668 l.
1032 1623 1066 1670 40

731 1702 1031 1766 stmssdwst

250 1785 365 1856 Prodigi
382 1788 460 1841 nullu
477 1789 609 1847 voluntas
628 1790 679 1842 est.

250 1871 331 1925 Iocus
352 1873 503 1927 consensui
521 1874 692 1928 adversatur.

250 1957 282 2009 in
301 1958 535 2012 conventionibus
549 1958 773 2014 contrahentium
785 1957 959 2013 voluntatem
971 1957 1065 2028 potius

200 2059 286 2112 quarn
303 2043 390 2097 verbu
412 2043 537 2113 spectari¹
556 2043 671 2114 placuit.
706 2044 904 2097 PAPINIANOS:
928 2045 945 2098 l.
964 2051 1013 2099 219
1032 2043 1066 2096 D.

781 2131 1031 2193 mffidwffi

251 2213 340 2269 Nemo
364 2214 566 2270 existimandus
590 2219 634 2270 est
656 2216 774 2279 dixisse,
798 2216 875 2285 quod
896 2233 954 2270 non
970 2218 1066 2270 mente

201 2298 358 2368 agitaverit.
395 2300 521 2356 Cuneus:
540 2304 558 2354 l.
578 2310 592 2355 1
612 2303 628 2370 5
648 2308 663 2354 2
683 2302 715 2356 D.
734 2304 767 2355 de
783 2303 878 2369 rupen.
897 2304 947 2368 lea.
965 2309 1006 2365 33,
1026 2309 1067 2355 10.

251 2384 419 2440 voluntates
437 2385 563 2454 legitime
583 2387 809 2441 contrahentium
827 2387 987 2441 omnimodo
1002 2403 1066 2440 oon·

202 2470 355 2525 servandae
375 2473 449 2528 sunt
485 2474 514 2526 ι.
533 2479 547 2526 6
570 2473 596 2529 O.
609 2488 664 2539 pro
680 2475 751 2526 socio
769 2482 794 2537 4,
813 2481 853 2528 31.

252 2555 395 2610 Posterior
412 2557 543 2610 voluntas
561 2557 656 2626 potior
677 2557 776 2612 huben'
795 2559 888 2613 debet.
924 2557 1030 2614 Ortus:
1048 2559 1067 2614 l.

478 2649 510 2697 90
529 2643 562 2696 Ι).
580 2645 613 2696 de
630 2645 725 2696 condit.
744 2651 770 2697 et
787 2647 927 2698 demonstr.
947 2651 988 2706 35,
1009 2653 1031 2698 1.

252 2725 411 2781 Novissima
438 2727 512 2782 enim
534 2728 666 2782 voluntas
694 2733 827 2784 servatur.
863 2729 995 2783 PAULOs:
1014 2732 1067 2785 16

614 2815 717 2882 §sn
735 2818 768 2868 de
785 2818 862 2870 odim.
880 2818 930 2882 leq.
949 2823 989 2877 34,
1007 2821 1045 2869 4.'

253 2897 448 2954 Ambulatoris
466 2903 510 2955 est
526 2900 659 2954 voluntas
678 2900 803 2954 defuncti
825 2918 914 2969 usque
936 2901 973 2954 ud
990 2899 1067 2954 vitae

201 2999 366 3052 supremum
392 2984 505 3040 exitum.
540 2985 708 3043 ULPIANusz
735 2988 752 3039 l.
774 2987 840 3042 41).
864 2989 896 3040 de
918 2988 995 3039 odim.
1018 2988 1067 3053 leq.

950 3079 990 3136 34,
1008 3081 1033 3126 4.
