2666 3560
670 368 733 432 150

314 535 467 589 Usufructu
484 534 579 604 legato
599 534 689 589 omnis
706 535 815 589 fructus
834 535 875 590 rei
895 535 932 590 sd
949 536 1136 591 fructuarium

262 621 395 690 pertinet.
429 621 594 676 Uuruuus:
613 623 631 674 l.
651 630 664 675 7
679 637 725 688 pr.
744 622 778 675 D.
797 613 829 674 de
846 626 932 688 usulr.
953 631 976 685 7,
996 631 1018 676 1.

313 707 495 761 Ususfiuctus
515 705 632 760 alienari
644 723 701 760 nou
712 709 817 775 potest.
844 707 1009 761 ULPIANUS:
1028 711 1045 762 1.
1059 716 1074 763 3
1088 709 1105 777 fi
1119 717 1135 764 5

742 793 773 845 D.
793 794 921 846 derebus
940 809 995 849 eor.
1015 800 1055 856 27,
1075 801 1098 848 9.

315 878 367 932 Rei
384 878 542 931 mutatione
560 877 657 931 interit
674 877 858 931 ususfructus.
894 878 1061 931 ULPIANUS:
1081 881 1098 934 l.
1118 889 1134 936 5

620 964 637 1031 ἕ
657 971 671 1016 2
691 965 723 1017 1).
742 965 807 1031 quib.
827 966 893 1022 mod.
910 968 1011 1032 ususfr.
1031 973 1054 1028 7,
1073 973 1098 1024 4.

314 1049 460 1104 Amittitur
481 1050 669 1111 ususfructus,
693 1067 757 1103 cum
780 1049 865 1104 etiam
888 1050 953 1119 ipsa
973 1049 1133 1120 proprietas

263 1151 298 1188 co
327 1152 394 1189 casu
422 1135 574 1190 amittatur.
609 1134 795 1188 POMPONIUS:
823 1138 842 1189 l.
866 1145 898 1191 23
922 1138 954 1189 D.
977 1138 1045 1203 quib.
1068 1139 1134 1190 mod,

911 1224 1013 1290 ususfr.
1033 1231 1056 1285 7,
1074 1230 1098 1276 4.

315 1305 497 1361 Ususfructus
534 1307 652 1360 amissus
689 1307 726 1360 ad
761 1307 966 1376 proprietatem
1007 1307 1135 1362 recurrit.

724 1389 807 1445 Pauli
822 1389 894 1447 Seni.
913 1393 967 1453 III,
987 1400 1002 1447 6
1022 1395 1038 1462 5
1058 1399 1099 1448 28.

433 1623 573 1679 Utilitas
594 1624 744 1691 publica,
767 1623 966 1678 communis.

316 1751 431 1807 Utilitas
454 1751 569 1821 publica
590 1751 778 1820 pracferenda
801 1754 845 1804 cst
867 1750 1041 1820 privatorum
1069 1767 1138 1805 con·

265 1838 413 1892 tractibus.
450 1839 478 1891 L.
498 1845 513 1891 3
536 1839 561 1892 0.
579 1840 612 1890 de
627 1839 765 1904 primipilo
786 1845 824 1899 12,
844 1844 884 1891 63.

317 1923 403 1978 Cuius
431 1923 548 1978 effectus
576 1923 704 1977 omnibus
731 1922 861 1991 prodest,
893 1922 953 1977 eius
984 1927 1014 1977 ct
1039 1924 1138 1990 partos

267 2008 304 2062 ad
331 2025 428 2063 omues
455 2012 605 2079 pertinent.
646 2008 780 2061 PAULUS:
808 2010 825 2063 l.
855 2015 902 2063 148
932 2010 963 2062 D.
991 2011 1023 2062 de
1050 2009 1084 2062 Ii.
1111 2007 1138 2061 J.

999 2100 1039 2156 50,
1061 2100 1100 2146 17.

628 2290 773 2346 Veritas.

318 2419 374 2474 Res
391 2418 518 2473 iudicata
539 2436 590 2489 pro
608 2419 729 2473 veritato
754 2417 898 2488 accipitur.
934 2417 1101 2470 ULPIANUS:
1120 2419 1139 2472 l.

734 2514 782 2560 207
803 2507 836 2558 D.
854 2509 887 2558 de
906 2507 939 2558 B.
958 2504 984 2558 J.
1002 2513 1042 2568 50,
1064 2513 1103 2558 17.

320 2589 421 2646 Errore
440 2591 544 2645 veritas
568 2607 625 2644 non
647 2591 794 2645 amittitur.
831 2591 998 2644 ULPIAMJS:
1022 2593 1038 2644 l.
1058 2598 1072 2646 6
1091 2607 1140 2658 pr.

775 2678 807 2732 D.
827 2679 862 2730 ad
879 2680 1000 2744 inunicip.
1019 2683 1115 2739 50,⁷1.1

319 2762 431 2817 Veritas
450 2780 543 2817 rerum
562 2762 701 2817 erroribus
721 2766 867 2831 gesturum
883 2780 942 2816 non
959 2760 1081 2816 vitiatur.

421 2850 587 2902 Uhmuus:
606 2851 622 2902 l.
643 2856 657 2903 6
677 2851 693 2918 ᾖ
715 2857 726 2902 1
747 2850 779 2902 Ι).
798 2852 831 2902 de
848 2851 893 2919 off.
910 2864 1002 2916 praes,
1022 2856 1044 2909 l,
1065 2853 1104 2900 18.

319 2933 403 2989 Falsa
431 2935 668 2989 demonstratione
695 2933 800 2988 mutari
828 2933 988 2988 substantia
1010 2931 1139 2986 veritatis

215 3077 227 3102 ο
268 3018 382 3074 minimo
401 3023 506 3092 potest.
544 3021 572 3072 L.
592 3028 606 3074 5
629 3021 654 3075 C.
673 3023 741 3086 dej.
760 3026 786 3072 et
801 3022 824 3086 s.
844 3021 927 3086 ipsor.
949 3027 970 3081 1,
992 3024 1030 3072 18.
