2666 3560
670 260 792 368 98.

612 467 770 536 Nuptiae.

305 577 430 647 Nuptiae
450 582 515 633 sunt
534 577 695 632 coniunctio
713 579 798 632 maris
818 582 847 632 et
865 577 995 640 feminae,
1015 593 1134 630 consor--

254 663 327 717 tium
342 663 432 718 omnis
445 663 529 727 vitae,
550 663 637 717 divini
649 665 678 718 et
689 664 806 718 humani
817 663 886 717 iuris
900 661 1135 717 communicatio,

442 749 651 823 Monnsrnrus:
671 753 687 805 ἱ.
708 759 719 804 1
741 751 773 804 D.
792 753 825 803 dc
842 752 897 802 ritu
915 753 988 816 nupt.
1008 755 1049 810 23,
1068 755 1092 802 2.

306 834 430 904 Nuptiae
455 839 550 889 autem
573 834 632 888 sive
655 834 866 889 matrimonium
889 839 933 890 est
950 833 1003 888 viri
1022 836 1051 887 et
1068 851 1129 886 mu·

254 919 332 975 lieris
353 919 522 983 coniunctio,
540 917 714 990 individuam
726 920 801 975 vitae
815 919 1050 974 consuetudinem
1061 934 1135 978 con·v

253 1005 355 1060 tinens.
393 1006 488 1074 §IL
506 1008 538 1058 dc
551 1011 609 1072 pat.
623 1012 681 1072 pot.
701 1017 724 1069 1,
743 1013 767 1060 9.

306 1089 428 1159 Nuptias
447 1108 503 1144 non
522 1089 697 1154 concubitus,
718 1092 768 1146 sed
786 1109 942 1146 consensus
960 1089 1038 1144 facit.

517 1175 683 1232 Umnnns:
702 1179 719 1230 l.
739 1185 771 1232 30
791 1177 824 1231 D.
842 1180 875 1231 de
893 1177 927 1231 R.
946 1177 970 1230 J.
990 1183 1032 1238 50,
1054 1183 1093 1228 17.
1168 1173 1171 1178 ’

306 1259 430 1329 Nuptiae
450 1261 509 1314 solo
529 1277 667 1315 consensu
686 1261 898 1316 contrahuntur.

307 1345 370 1399 Non
389 1344 464 1399 enim
483 1345 573 1399 coitus
591 1347 801 1402 matrimonium
817 1347 899 1411 facit,
920 1346 974 1400 sed'
987 1343 1135 1400 maritalis—

255 1428 376 1484 affectic.
413 1431 579 1485 ULPIANUS:
606 1434 623 1485 l.
647 1441 678 1488 32
702 1435 719 1502 ξ
741 1434 821 1489 131).
844 1437 878 1486 de
900 1437 989 1486 donat.
1012 1434 1083 1485 atter
1106 1446 1135 1481 v.

602 1572 604 1576 ‚
920 1525 946 1572 et
963 1537 989 1572 a.
1008 1524 1049 1579 24,
1071 1525 1093 1570 1.

307 1601 519 1655 Matrimonium
537 1600 612 1655 inter
628 1602 732 1657 invitos
751 1621 808 1658 non
826 1603 1010 1658 contrahitur.

507 1686 633 1741 Onasus:
653 1691 670 1741 1.
689 1697 720 1742 22
739 1690 772 1742 D.
791 1693 824 1742 dc
842 1693 897 1742 rita
915 1695 989 1756 nupt.
1008 1696 1049 1751 23,
1070 1695 1095 1744 2.

307 1769 431 1840 Nuptiae
454 1771 606 1826 consistere
629 1791 686 1827 non
708 1778 841 1842 possunt,
868 1774 924 1828 nisi
947 1772 1134 1828 consentiunt

257 1871 363 1920 omnes,
380 1855 410 1909 id
429 1859 472 1910 est
489 1855 537 1924 qui
550 1861 654 1912 coeunt
666 1877 841 1927 quorumque
853 1859 883 1912 in
895 1862 1040 1929 potestate
1054 1861 1138 1912 sunt.

515 1941 648 1996 Pinnos:
667 1947 683 1997 l.
703 1951 717 1998 2
737 1945 769 1998 D.
788 1949 894 2006 desita
912 1949 991 2012 nupt·
1007 1952 1095 2009 aaa.

307 2024 396 2079 Furor
414 2026 542 2079 contrahi
559 2029 768 2084 matrimonium
788 2048 847 2084 non
870 2029 950 2094 sinit,
974 2029 1042 2099 quia
1063 2045 1133 2084 con·

259 2125 358 2162 sensus
378 2127 448 2179 opus
468 2115 520 2174 est,
540 2112 589 2165 sed
606 2117 682 2168 recte
702 2118 879 2170 contractum
896 2133 956 2170 non
974 2113 1106 2184 impedit.

431 2195 564 2248 Pronus:
584 2199 600 2250 1.
621 2205 651 2252 16
671 2200 688 2267 ς
707 2206 721 2252 2
741 2201 773 2253 D.
792 2203 825 2253 de
842 2204 898 2254 rita
916 2207 991 2269 nupt.
1011 2207 1052 2263 23,
1072 2206 1096 2252 ἱ).

312 2276 465 2333 Simulatae
483 2280 598 2349 nuptiae
617 2283 719 2338 nullius
732 2287 868 2343 momenti
881 2291 955 2341 sunt.
984 2285 1095 2340 GAmS:
1115 2287 1139 2337 l.

690 2375 722 2422 30
741 2369 773 2422 D.
792 2374 825 2424 dc
843 2375 899 2424 rito
916 2378 991 2439 nupt.
1011 2377 1053 2435 23,
1072 2378 1097 2424 2.

312 2446 345 2498 In
364 2448 562 2503 contrahendis
579 2452 764 2508 matrimoniis
782 2457 913 2510 naturale
931 2457 982 2526 ius
997 2459 1027 2510 et
1039 2455 1142 2525 pudor·

257 2530 452 2599 inspiciendus
466 2538 522 2611 est.
557 2535 689 2590 PAULUS:
716 2541 733 2591 I.
755 2547 785 2592 14
810 2541 826 2607 ἓ
847 2543 914 2595 21).
933 2544 1040 2595 deritu
1059 2547 1139 2609 nupt..

1010 2633 1053 2688 23,
1072 2633 1098 2679 2.

312 2701 427 2770 Semper
443 2702 473 2755 in
492 2703 734 2761 coniunctionibus
753 2725 810 2762 non
829 2711 929 2776 solum,
949 2712 1020 2780 quid
1036 2710 1141 2775 liceat,

260 2785 494 2841 considerandum
512 2793 562 2852 est,
582 2791 632 2844 sed
649 2795 679 2846 et
696 2793 763 2860 quid
781 2791 935 2850 honestum
954 2797 1000 2852 sit.

461 2873 668 2928 Monnsrrnus:
687 2880 703 2938 1,
724 2886 770 2932 197
785 2881 824 2932 λ).
843 2883 876 2934 de
894 2884 928 2936 R.
947 2884 972 2937 J.
992 2890 1034 2946 50,
1055 2890 1098 2938 17.

310 2954 519 3010 Matrimonium
536 2976 592 3013 non
609 2964 805 3029 praesumitur.
