2666 3560
675 323 736 386 124

664 500 741 555 Res.

319 645 372 700 Rei
389 645 580 715 appellatione
599 649 627 699 et
646 661 748 700 causae
767 648 797 699 et
813 644 875 698 iura
893 643 1081 698 continentur.

532 732 697 786 nunnus:
716 733 733 785 l.
752 739 784 786 23
803 732 836 784 1).
855 733 888 784 dc
911 731 937 783 V.
957 730 984 784 S.
1003 738 1043 792 50,
1064 737 1104 784 16.

321 817 521 887 Appellatione
544 817 586 872 rei
607 834 672 887 pars
696 817 782 872 etiam
800 817 969 871 continetur.
1003 815 1141 868 Pnunns:

714 904 887 956 11111111
910 903 937 955 V.
957 902 1043 965 S.50,
1064 909 1104 957 16.

320 987 388 1040 Plus
408 987 545 1042 cautionis
563 987 593 1041 in
610 1005 640 1042 re
659 990 703 1042 est
721 1004 806 1056 quam
823 988 853 1041 in
873 1004 1002 1056 persona.

511 1075 697 1128 Ponuonrus:
717 1076 733 1127 1.
753 1081 786 1128 15
804 1074 838 1127 D.
856 1076 889 1126 de
907 1075 940 1126 R.
958 1075 984 1127 J.
1003 1080 1044 1136 50,
1065 1081 1106 1126 17.

320 1159 388 1213 Plus
406 1159 436 1213 in
454 1176 484 1214 ro
503 1163 548 1213 est
565 1177 650 1228 quam
667 1159 697 1212 in
716 1158 923 1212 existimatione
941 1157 1052 1212 mentis.

421 1246 554 1298 PAULUS:
573 1247 590 1298 l.
609 1252 624 1298 9
644 1246 660 1313 5
679 1254 695 1298 4
714 1245 748 1298 Ι).
765 1247 833 1310 dej.
846 1246 903 1312 ets.
917 1245 1000 1310 lquor.
1020 1251 1061 1307 22,
1082 1250 1104 1296 6.

321 1331 415 1385 Minus
435 1335 478 1386 est
490 1331 631 1385 actionem
644 1330 749 1385 habere
762 1347 847 1398 quam
859 1346 926 1383 rem.
952 1329 1142 1382 POMPONIUS:

591 1417 595 1429 ’
698 1416 1104 1477 amnannmm
1176 1476 1179 1482 ι

321 1501 377 1556 Res
404 1503 502 1557 abesse
529 1502 659 1556 videntur
687 1501 773 1557 etiam
799 1501 866 1564 kae,
893 1517 1011 1568 quarum
1039 1517 1143 1569 corpus

271 1591 376 1652 manet,
395 1589 485 1643 forma
502 1591 612 1642 mutata
630 1591 681 1642 est.
716 1587 881 1640 ULPIANUS:
901 1588 918 1639 l.
938 1593 969 1640 13
989 1586 1005 1653 ξ
1026 1592 1040 1639 1
1059 1586 1094 1639 Ι).
1106 1588 1143 1638 de

911 1672 939 1724 V.
957 1670 985 1724 S·
1004 1680 1045 1735 so,
1065 1677 1105 1724 16.

524 1869 592 1924 Bes
615 1867 884 1924 consumtiblles.

320 2012 376 2068 Res
396 2013 607 2068 consumtibiles
627 2016 698 2076 sunt,
717 2029 790 2081 quae
808 2029 861 2066 usu
881 2014 1089 2066 consumuntur.

321 2099 385 2153 Non
401 2103 499 2168 potest
516 2099 690 2153 commodari
707 2098 744 2161 id,
763 2097 839 2165 quod
857 2115 911 2151 usu
930 2096 1112 2152 consumitur.

475 2185 640 2238 UnPIANUs:
659 2186 677 2237 l.
696 2192 711 2239 3
731 2185 747 2252 ᾖ
767 2191 782 2238 6
801 2184 834 2236 1).
853 2185 1006 2236 commodati
1024 2189 1063 2245 13,
1081 2182 1108 2236 6.

430 2379 497 2434 Res
520 2381 724 2445 corporales,
745 2377 988 2446 incorporales.

324 2521 380 2577 Res
400 2524 558 2594 corporales
582 2527 659 2588 sunt,
682 2541 755 2592 quae
777 2523 857 2592 tangi
880 2526 1011 2593 possunt,
1034 2539 1079 2576 res
1102 2523 1141 2576 in·

274 2610 450 2680 corporales,
474 2627 547 2677 quae
570 2610 651 2678 tangi
672 2627 730 2664 non
751 2613 878 2680 possunt.
915 2611 931 2677 ξ
953 2619 964 2663 1
985 2609 1041 2662 &2
1064 2609 1090 2666 J.
1110 2611 1142 2662 de

877 2697 931 2750 ret.
950 2709 1023 2761 corp.
1042 2700 1065 2754 2,
1085 2701 1108 2747 2.

324 2781 505 2850 Incorporale
525 2784 580 2845 est,
603 2781 680 2848 quod
699 2780 729 2834 in
746 2781 806 2835 iure
826 2779 962 2835 consistit.
998 2781 1014 2847 ξ
1035 2787 1048 2834 1
1068 2781 1094 2837 J.
1111 2781 1144 2833 de

877 2868 932 2922 reb.
950 2881 1023 2934 corp.
1042 2871 1066 2929 2,
1085 2872 1109 2922 2.

324 2952 521 3022 Incorporales
539 2968 584 3006 res
606 2951 787 3007 traditionem
810 2956 839 3007 et
860 2951 1065 3022 usucapionem
1086 2967 1142 3004 non

275 3037 425 3106 recipiunt.
453 3037 559 3091 GAIUS:
578 3039 595 3090 l.
607 3045 640 3092 43
660 3039 676 3106 ἐ
693 3048 703 3092 1
724 3038 757 3092 1).
770 3040 803 3092 de
815 3053 889 3104 coqu.
900 3053 955 3094 rer.
974 3039 1040 3094 dom.
1058 3044 1099 3099 41,
1120 3045 1143 3089 1.
