2698 3558
611 343 651 406 13

247 511 364 576 Quoties
387 510 473 566 dubia
495 509 693 580 interpretatio
714 509 854 566 libertatis
883 514 938 572 est,
966 527 1065 564 seoun-

190 596 264 651 dum
280 595 443 650 libertatem
459 587 691 664 respondendum
707 595 767 650 erit.
797 595 978 648 Pomorum:
997 597 1014 648 I.
1034 603 1067 649 20

733 683 1032 742 naalma

246 768 280 822 In
307 769 427 823 obscuro
449 765 565 822 libertas
588 767 743 838 praevalet.
779 767 979 825 ΜΑιωῐΛΝῦεε.
994 768 1010 819 1.
1033 773 1066 822 50

424 843 426 848 ¹
571 853 603 907 b.
622 855 655 907 de
669 854 822 921 fideicomm.
842 853 927 906 libert.
947 860 987 916 40,
1007 859 1031 908 5.

247 939 281 992 ln
299 938 385 993 dubio
403 955 454 1008 pro
472 955 647 1007 possessore.
1044 939 1045 944 ’

247 1024 282 1078 In
299 1023 438 1094 ambiguis
457 1041 508 1093 pro
527 1022 641 1078 dotibus
660 1023 832 1094 respondere
850 1023 951 1077 melius
970 1027 1023 1078 est

434 1109 563 1162 Pennus:
583 1111 599 1162 l.
619 1115 651 1164 85
667 1125 712 1178 pr.
731 1110 764 1163 D.
782 1111 815 1162 de
834 1110 866 1162 R.
885 1109 910 1162 J.
929 1115 970 1172 oo,
991 1117 1031 1163 1⁷.

247 1195 329 1260 Quod
346 1193 455 1250 laetum
473 1197 525 1256 est,
545 1211 609 1248 oum
626 1194 656 1247 in
669 1195 789 1250 obscuro
803 1193 848 1256 sit,
867 1211 901 1248 ex
914 1193 1065 1249 affectione

192 1280 334 1348 cuiusque
353 1278 430 1349 capit
451 1279 722 1350 interpretationem.
758 1281 886 1333 Plutus:
909 1281 926 1333 1.
947 1286 995 1336 166
1013 1285 1032 1345 §
1053 1290 1064 1333 1

733 1362 1031 1428 stmsttmst

246 1450 280 1504 ln
303 1451 443 1521 ambiguis
467 1449 641 1506 orationibus
668 1451 789 1506 maxime
817 1450 960 1506 sententia
987 1468 1066 1521 speo-

193 1535 285 1591 tanda
303 1539 347 1590 est
365 1537 434 1598 eius,
453 1537 502 1605 qui
520 1554 568 1590 eas
587 1537 760 1606 protulisset.
790 1535 977 1590 Mmcrmus:
996 1539 1013 1590 l.
1033 1544 1065 1592 66

732 1623 1031 1684 stmbtww

248 1705 277 1760 Si
299 1706 361 1775 quis
383 1705 541 1780 intentione
565 1707 699 1777 ambigua
721 1708 768 1762 vel
786 1708 912 1765 oratione
931 1726 1000 1763 usus
1019 1708 1065 1772 sit,

193 1791 232 1854 id,
252 1791 328 1859 quod
347 1790 443 1846 utilius
468 1791 494 1846 ei
517 1795 573 1854 est,
597 1793 794 1863 accipiendum
818 1797 869 1848 est.
905 1793 1067 1848 Utelnuus:

652 1881 669 1934 l.
688 1886 719 1934 66
739 1881 771 1932 l).
790 1881 823 1933 de
832 1881 946 1946 judiciis
964 1886 987 1944 5,
1009 1889 1030 1936 l.

246 1961 448 2031 Interpretatio
467 1966 511 2017 est
529 1966 628 2018 contra
646 1981 711 2018 eum
728 1960 871 2026 facienda,
895 1964 944 2032 qui
962 1964 1065 2019 clarius

195 2046 275 2114 loqui
292 2047 458 2103 debuisset.¹

247 2131 318 2186 Cum
336 2133 482 2201 quaeritur
498 2133 528 2187 in
546 2134 743 2204 stipulatione,
767 2135 836 2203 quid
858 2135 916 2189 aeti
933 2135 983 2198 sit,
1008 2153 1065 2190 am-

193 2215 319 2287 biguitas
339 2221 438 2273 contra
457 2219 655 2290 stipulatorem
673 2223 725 2274 est.
752 2219 876 2274 Onasus:
895 2223 912 2274 l.
932 2211 963 2276 is
983 2222 1016 2275 l).
1034 2224 1067 2274 de

435 2375 437 2381 k
748 2307 826 2359 rebus
844 2307 929 2360 dubiis
947 2314 987 2368 34,
1007 2314 1031 2361 5.

246 2386 280 2440 In
299 2389 492 2444 contrahenda
510 2390 673 2446 venditione
692 2390 857 2464 ambiguum
868 2394 987 2461 paetum
999 2409 1064 2446 con-

193 2473 240 2525 tra
261 2472 436 2528 venditorem
462 2475 707 2550 interpretandum
731 2479 782 2531 est.
816 2476 948 2530 Plutus:
976 2480 992 2530 l.
1017 2485 1064 2531 172

665 2563 1030 2628 mstmklmst

247 2643 319 2698 Cum
339 2644 370 2698 in
391 2645 484 2700 verbis
507 2647 585 2702 nulla
612 2647 783 2718 ambiguitas
811 2652 867 2712 est,
894 2666 952 2703 non
979 2649 1065 2705 debet

193 2727 309 2784 admitti
327 2729 480 2786 voluntatis
499 2732 637 2802 quaestio.
674 2732 804 2785 Plutus:
823 2736 839 2786 1.
859 2740 891 2788 25
909 2739 928 2799 §
949 2745 959 2789 1
981 2737 1013 2788 1).
1032 2738 1065 2789 de

828 2849 830 2854 -
864 2821 957 2889 reparo
976 2819 1029 2874 ιη.

247 2899 391 2955 indubiis
411 2902 530 2957 abstine.
