2698 3558
605 322 646 386 53

237 490 355 546 Maritus
373 489 453 544 uxori
471 507 540 544 suae
559 493 672 544 curator
684 488 773 544 creari
784 507 841 544 non
853 493 954 558 potest.
973 488 987 516 *
1002 491 1030 544 l.
1045 464 1074 544 2Ι

681 577 706 628 C.
725 578 770 642 qui
787 578 854 629 dare
872 581 919 628 tut.
939 582 962 638 5,
983 583 1023 633 34.

237 663 270 716 ln
288 663 426 716 honorem
443 659 615 715 matrimonii
633 661 723 730 turpis
743 661 818 714 actio
838 661 973 715 adversus
992 679 1058 714 uxo-

185 765 247 802 rem
265 751 395 818 negatur.
431 746 539 802 GAms:
563 749 580 800 1.
600 755 614 802 2
635 747 667 802 D.
687 749 719 800 de
737 752 787 800 act.
807 763 861 800 rer.
881 753 957 800 amot
977 754 1016 810 25,
1035 753 1059 804 2.

563 907 684 964 Plotio.

237 1037 330 1091 Fictio
351 1037 439 1106 [iuris]
459 1039 592 1091 naturam
609 1037 744 1099 imitatur,
764 1037 902 1105 quantum
920 1039 1025 1106 potest.

238 1122 331 1177 Fictio
351 1122 441 1193 [iuris]
460 1121 538 1176 idem
557 1125 698 1192 operatur,
718 1123 796 1191 quod
815 1122 928 1176 veritos.

238 1207 329 1262 Fictio
359 1208 449 1279 [iuris]
478 1211 584 1272 cessat,
616 1207 666 1262 ubi
697 1207 802 1263 veritas
833 1208 928 1262 locum
955 1207 1060 1262 habero

184 1297 293 1365 potest.

463 1439 791 1496 Fideicommieeum.

240 1567 393 1624 Sciendum
416 1571 460 1623 est
483 1585 532 1622 eos
560 1567 673 1624 demum
700 1566 948 1624 fideicommissum
974 1582 1059 1635 posse
1085 1615 1086 1618 ,

187 1655 362 1722 relinquere,
386 1654 434 1723 qui
457 1653 583 1708 testandi
600 1652 644 1708 ius
663 1653 778 1708 habent.
814 1653 980 1706 ULPIANUS:
1008 1655 1024 1704 l.
1045 1660 1059 1704 2

790 1739 820 1792 D.
840 1741 873 1791 de
891 1741 985 1806 leqatis
1003 1740 1025 1792 I.

241 1827 296 1879 Per
315 1824 563 1879 fideicommissum
581 1824 723 1880 hereditas
743 1823 880 1878 codicillis
898 1823 959 1878 iure
977 1823 1059 1877 relin-

188 1911 293 1979 quitur.
331 1912 347 1980 ξ
367 1919 382 1964 2
400 1911 425 1966 J.
444 1914 477 1964 de
494 1913 622 1964 codicillis
640 1917 664 1973 2,
684 1917 724 1965 25.

240 1997 319 2051 Nutu
338 1996 425 2050 etiam
442 1997 610 2064 relinquitur
631 1995 887 2050 fideicommissum.
922 1995 1060 2047 Pronus:

610 2085 627 2138 1.
645 2089 676 2136 21
691 2098 738 2150 pr.
759 2083 790 2134 I).
809 2085 842 2134 de
860 2083 954 2148 quotis
972 2081 1025 2132 III.

240 2169 272 2220 In
304 2167 528 2222 fideicommissis
558 2167 735 2222 voluntatem
766 2167 890 2236 spectari
921 2165 1061 2221 convenit.

217 2254 418 2307 PAPnurnnus:
438 2257 453 2310 i.
474 2261 505 2308 57
527 2255 543 2322 ᾗ
565 2263 577 2308 1
598 2255 630 2306 Ι).
650 2255 685 2306 od
702 2250 791 2305 Sctum
813 2253 922 2306 Trebell.
942 2259 982 2314 36,
1003 2260 1025 2304 1.

403 2415 607 2470 Fideiussio.
639 2413 846 2470 Fideiussor.

239 2542 434 2598 Fideiussoros
457 2559 514 2597 non
537 2543 608 2596 alias
631 2545 765 2596 tenentur
787 2559 874 2610 quam
896 2542 920 2595 si
944 2558 974 2595 eo
993 2540 1061 2610 quid

188 2630 306 2684 daturos
333 2631 379 2684 vel
405 2631 531 2683 facturos
559 2627 735 2699 promittant.
782 2628 1059 2680 Hnnuoounmnus:

615 2717 631 2770 l.
651 2722 683 2770 65
702 2715 735 2768 D.
754 2717 787 2767 de
801 2715 923 2782 fidejuss,
942 2721 984 2776 46,
1004 2721 1025 2766 1.

239 2799 406 2856 Fideiubere
424 2818 477 2870 pro
497 2800 552 2854 olio
571 2803 669 2870 potest
687 2800 821 2868 quisque,
845 2799 933 2854 etiam
955 2798 978 2852 si
997 2815 1062 2867 pro·

186 2887 290 2942 missor
306 2886 427 2956 ignoret.
463 2885 568 2940 curus:
588 2889 604 2941 l.
623 2895 656 2941 30
675 2887 708 2943 Ι).
726 2889 758 2939 de
773 2887 893 2954 fidestrss.
911 2891 953 2947 46,
974 2893 996 2938 1.

240 2972 324 3026 Omni
342 2967 511 3040 obligationi
528 2971 676 3026 fideiussor
695 2972 831 3026 accedere
849 2973 953 3040 potest.

445 3057 612 3110 UnPrAnus:
633 3060 649 3110 l.
671 3067 682 3111 1
704 3059 735 3112 Ι).
755 3060 788 3110 de
803 3059 923 3124 fidcjors.
942 3063 983 3118 46,
1004 3063 1030 3108 1.
