2666 3560
589 313 647 375 117

238 478 293 544 oui
312 481 411 534 eontra
422 479 485 534 iura
496 483 645 545 mercatur,
657 479 762 534 bonam
774 479 858 535 fidem
870 482 1059 550 praesumitur

185 581 245 618 non
263 564 378 620 habere.
413 580 436 622 o.
454 574 486 620 82
505 568 537 620 de
556 567 589 620 R.
608 567 633 620 J.
652 570 680 617 in
698 571 741 620 tto
760 575 783 628 5,
804 575 843 619 12.

237 649 301 704 Non
318 650 508 718 praesumitur
519 653 640 705 testator
652 650 786 705 heredem
799 667 915 720 gravare
927 650 1058 705 voluisse.

237 735 410 789 Hereditatis
428 735 515 791 aditio
533 735 564 790 in
583 735 668 790 dubio
686 753 744 790 non
761 735 959 805 praesumitur.

239 819 393 886 Quodlibet
418 821 566 891 praedium
591 823 784 891 praesumitur
806 839 868 876 esse
887 839 904 876 a
922 821 1058 876 servitute

186 905 317 970 liberum,
335 923 425 974 usque
444 905 510 959 dum
527 907 665 977 probetur
684 907 864 961 eontrarium.

491 1101 752 1159 Praevarioatio.

239 1228 434 1283 Praevaricari
452 1233 496 1284 est
512 1247 580 1284 vera
598 1229 716 1283 erimina
734 1229 917 1285 abscondere.

256 1315 447 1372 trinomius:
466 1318 482 1369 I.
503 1324 515 1369 1
536 1317 553 1384 ἕ
574 1324 586 1369 1
606 1317 640 1369 D.
660 1319 696 1368 ad
714 1315 801 1369 Seium
822 1318 901 1385 Tarp.
920 1324 962 1380 48,
983 1325 1023 1372 16.

238 1400 453 1456 Praevarioator
480 1405 524 1456 est
551 1400 633 1469 quasi
659 1401 812 1463 varicator,
843 1401 891 1469 qui
918 1401 1060 1456 diversam

188 1491 301 1556 partem
324 1487 439 1542 adiuvat
460 1487 574 1556 prodita
596 1504 682 1540 oausa
709 1503 768 1541 sua.
808 1487 973 1540 bormias:
1001 1491 1018 1542 l.
1044 1499 1056 1543 1

607 1588 654 1641 pr.
674 1573 707 1626 Ι).
726 1575 759 1626 de
772 1589 901 1640 praevar.
922 1581 963 1637 47,
984 1584 1024 1630 15.

521 1768 729 1825 Preoarium.

238 1895 400 1951 Preoarium
419 1899 470 1959 est,
489 1896 566 1965 quod
579 1895 710 1967 preoibus
722 1897 833 1966 petenti
845 1895 981 1951 utendum
995 1914 1058 1951 oon·

187 1982 300 2038 oeditur
325 1981 443 2046 tamdiu,
470 1983 604 2050 quamdiu
630 1983 662 2046 is,
692 1983 740 2052 qui
768 1982 917 2046 concessit,
943 1982 1059 2052 patitur.

420 2068 585 2121 Uarianos:
605 2070 623 2126 l.
644 2078 656 2123 1
676 2070 711 2122 Ι).
729 2071 762 2122 de
775 2072 905 2137 precario
922 2076 964 2131 43,
984 2076 1024 2122 26.

240 2153 277 2218 Is,
297 2153 345 2222 qui
363 2153 491 2224 precario
511 2153 605 2218 habet,
625 2154 861 2223 etiampossidet.
891 2154 1058 2207 ULPIANUS:

534 2242 552 2293 l.
570 2248 586 2293 4
606 2241 622 2308 ᾖ
644 2250 655 2294 1
676 2242 710 2294 Ι).
728 2243 761 2294 de
773 2243 904 2309 precario
923 2249 963 2304 43,
983 2249 1024 2294 26.

242 2325 294 2379 Rei
313 2342 379 2379 suae
397 2323 557 2394 precarium
580 2331 707 2379 nonest.
743 2325 908 2378 Uirmrus:
937 2324 953 2390 ί,
972 2335 988 2380 4
1008 2327 1059 2394 §8

678 2412 711 2464 D.
730 2413 762 2464 de
775 2416 905 2478 precario
923 2419 965 2475 43,
984 2419 1024 2468 26.

240 2496 439 2565 Unusquisque
457 2499 554 2565 potest
570 2513 630 2550 rem
649 2514 737 2559 suam,
756 2496 883 2564 quamvis
901 2515 959 2552 non
969 2496 1058 2566 possi·

189 2583 264 2646 deat,
282 2582 410 2652 precario
429 2582 497 2636 dare
516 2581 550 2646 ei,
569 2582 617 2651 qui
634 2581 788 2653 possideat.
818 2584 976 2636 IULIANUS:
996 2584 1012 2636 l.
1029 2591 1058 2638 18

676 2669 709 2721 Ι).
728 2671 761 2721 de
774 2671 905 2736 precario
923 2677 964 2731 43,
984 2675 1024 2722 26.
1044 2671 1046 2676 '

241 2752 297 2808 Ubi
318 2769 425 2807 moram
453 2752 514 2822 quis
542 2753 610 2807 fecit
635 2753 776 2822 precario,
805 2771 918 2808 omnem
945 2769 1060 2808 oausam

190 2839 309 2894 debebit
327 2840 506 2894 constituere.
533 2839 700 2892 Uarmuus:
720 2842 740 2892 l.
758 2847 773 2895 8
787 2841 803 2909 5
818 2849 832 2896 6
846 2842 878 2894 Ι).
891 2843 923 2894 de
930 2842 1060 2908 precario

923 2934 964 2988 43,
984 2932 1024 2980 26.
