2590 3546
698 317 757 380 132

510 492 601 547 Silva
625 483 777 570 [caedua
798 488 949 565 poacuol.

344 601 421 656 Silva
433 602 542 656 caedua
555 605 607 666 est,
620 619 692 670 quae
702 603 732 657 in
740 603 796 658 hoc
805 603 934 667 habetur,
947 607 980 658 ut
990 603 1159 659 caederetur.

549 688 655 743 Gams:
674 691 691 742 l.
711 697 743 745 30
757 705 804 757 pr.
822 690 856 744 D.
875 693 908 743 de
931 689 958 743 V.
978 689 1007 744 S.
1026 697 1066 753 50,
1087 698 1125 745 16.

343 773 456 826 Pascua
474 771 546 826 silva
564 777 616 836 est,
641 791 713 842 quae
731 775 832 844 pascui
853 775 995 845 pecudum
1018 775 1160 829 destinata

293 862 346 916 est.
382 859 489 913 Garus:
508 861 526 914 1.
545 867 577 915 30
597 861 613 929 5
633 869 647 916 5
666 862 699 917 1).
718 864 750 914 de
773 861 801 915 V.
819 857 848 914 S.
868 868 908 924 50,
930 868 968 916 16.

628 1022 817 1078 SimulatiO.

343 1131 410 1186 Plus
427 1133 513 1194 valet,
533 1133 608 1202 quod
626 1133 728 1203 agitur,
747 1150 832 1201 qnam
850 1133 926 1202 quod
945 1133 1076 1188 simulate
1096 1150 1157 1188 con-

292 1217 403 1287 cipitur.
437 1220 524 1272 Inscr.
546 1220 571 1272 0.
590 1227 615 1286 4,
633 1226 674 1274 22.

343 1304 410 1357 Plus
430 1305 515 1367 valet,
534 1304 609 1373 quod
628 1307 730 1367 actum,
750 1322 835 1373 quam
853 1305 930 1373 quod
948 1304 1117 1360 simulatum.

346 1389 425 1455 Quae
444 1388 575 1443 simulate
594 1393 737 1459 geruntur,
755 1406 807 1458 pro
825 1389 937 1444 infectis
956 1391 1104 1446 habentur.

344 1474 483 1529 Simulata
500 1475 603 1528 nullius
622 1474 758 1529 momenti
776 1478 849 1530 sunt.
885 1475 900 1503 ⁴*
914 1475 1019 1530 GAIUS:
1039 1477 1056 1531 1.
1075 1483 1108 1531 30
1127 1475 1157 1529 I).

881 1562 1124 1640 nnana

341 1645 430 1700 Actus
449 1645 595 1700 simulatus
614 1645 718 1700 nullius
737 1650 782 1701 est
798 1645 944 1705 momenti.

433 1806 591 1863 Societas.
637 1808 764 1864 socius.
809 1807 1019 1864 communio.

344 1918 517 1973 Societatem
541 1919 614 1973 coire
638 1921 668 1974 et
688 1936 718 1973 re
742 1921 771 1974 et
792 1918 885 1974 verbis
909 1922 940 1974 et
961 1935 1013 1990 per
1029 1919 1160 1974 nuntium

291 2021 377 2075 posse
390 2021 442 2058 nos
456 2004 572 2059 dubium
589 2022 646 2059 non
665 2007 718 2062 est.
746 2005 955 2058 Monnsrmns:
974 2013 990 2058 4
1003 2021 1050 2073 pr.
1064 2007 1097 2060 Ι).
1105 2020 1159 2072 pro

931 2093 1025 2166 Ι,τοείο
1044 2098 1082 2153 11,
1101 2097 1125 2144 2.

343 2173 432 2228 Nemo
450 2174 555 2228 invitus
575 2175 753 2246 compellitur
770 2177 807 2230 ad
826 2176 1061 2231 communionem.

455 2261 619 2314 Uannius:
638 2264 655 2315 l.
674 2271 705 2318 16
724 2263 740 2332 ἓ
758 2271 774 2316 4
793 2264 825 2318 Ι).
844 2265 917 2317 cond.
936 2249 1020 2316 indeb.
1040 2269 1080 2326 12,
1100 2268 1124 2316 6.

341 2345 446 2400 Rerum
457 2346 671 2401 inhonestarum
683 2349 761 2402 nulla
773 2352 818 2404 cat
830 2347 960 2404 societas.
991 2347 1156 2402 ULPIANUS:

668 2473 669 2478 κ
742 2437 760 2489 l.
780 2442 811 2490 51
830 2436 864 2489 D.
877 2450 932 2502 pro
950 2436 1021 2488 socio
1042 2442 1080 2495 17,
1100 2439 1123 2486 1.

342 2515 469 2571 Societas
564 2517 724 2588 flagitiosae
742 2520 783 2575 rei
800 2521 891 2575 nullas
909 2520 983 2574 vires
1001 2519 1098 2575 habet.

445 2601 553 2656 Gamo:
572 2606 589 2661 l.
608 2612 640 2660 85
659 2607 704 2674 §a
722 2607 755 2663 D.
774 2610 807 2660 de
824 2607 942 2660 contrat.
960 2611 1017 2658 emt.
1039 2610 1077 2665 18,
1098 2611 1121 2658 1.

342 2686 425 2742 Nulla
443 2687 565 2742 societas
583 2691 784 2746 maleficiorum
809 2693 886 2764 [cst].
920 2691 1086 2745 Uhrtnnus:
1105 2691 1152 2743 1.1

466 2825 469 2832 .
742 2779 811 2846 §14
829 2777 862 2833 D.
881 2778 978 2831 tutelae
995 2783 1021 2830 et
1039 2783 1079 2836 27,
1099 2779 1122 2827 3.

341 2857 506 2914 Donationis
526 2876 611 2914 causa
629 2863 751 2918 societas
769 2868 846 2920 recte
864 2881 921 2918 non
940 2864 1121 2919 contrahitur.

505 2945 706 3003 narrarunt.
725 2959 740 3005 o
759 2951 776 3019 fi
796 2959 811 3005 1
830 2952 1020 3018 I).pr0sooio
1039 2957 1079 3012 17,
1098 2957 1121 3003 1.

342 3026 419 3080 Talia
447 3032 566 3087 societas
594 3035 621 3103 [i.
640 3050 664 3089 e.
687 3037 811 3108 leonina]
839 3037 917 3092 nulla
943 3037 1000 3100 est,
1027 3039 1060 3090 ut
1085 3040 1153 3094 alter
