2698 3558
628 343 669 406 45

264 511 368 565 Dotem
383 510 550 574 numeratio,
569 527 627 564 non
639 511 778 580 scriptura
791 511 892 565 dotalis
904 510 1086 566 instrumenti

211 596 289 651 facit.
326 597 355 650 ι.
376 603 388 650 1
412 597 438 650 C.
457 597 489 649 do
507 599 566 649 dote
584 601 652 649 cont.
672 603 695 659 5,
717 604 755 651 lo.

264 682 321 737 Dos
341 681 400 736 sine
418 681 599 737 matrimonio
624 698 685 736 esse
703 698 762 736 non
779 685 881 752 potest.
917 681 1085 736 ULPIANUS:

645 765 662 821 l.
682 775 696 822 3
715 769 748 822 1).
767 771 877 835 dejure
894 771 947 822 dot.
967 775 1008 832 23,
1028 775 1051 823 3.

265 853 433 922 Ubicunque
451 853 622 907 matrimonii
639 870 744 908 nomen
761 870 819 908 non
837 858 888 918 est,
906 871 959 908 nec
972 854 1022 909 dos
1036 857 1088 909 est.

462 939 628 992 Unrmnus:
646 936 663 992 l.
683 947 697 994 3
716 941 749 994 D.
768 943 879 1006 dejure
897 943 948 993 dot.
968 948 1009 1003 23,
1028 947 1052 994 ³.

265 1023 345 1079 Dotis
364 1042 450 1079 cansa
467 1022 605 1094 perpetua
623 1029 674 1079 est.
709 1025 843 1078 Pnunus:
862 1024 879 1078 l.
900 1033 912 1078 1
933 1027 965 1080 Ι).
978 1029 1011 1079 de
1019 1029 1088 1091 jnre

896 1114 947 1166 dot.
967 1115 1009 1176 28,
1029 1119 1052 1166 3.

266 1197 451 1267 Reipublicae
473 1197 592 1252 interest
609 1197 745 1252 mulieres
764 1196 845 1251 dotes
864 1198 955 1251 salvas
972 1197 1088 1260 habere,

209 1286 332 1354 propter
349 1299 418 1352 quas
436 1283 542 1336 nubere
561 1288 687 1352 possunt.
716 1282 849 1336 Pinnos:
870 1280 886 1336 l.
906 1291 920 1336 2
938 1284 971 1336 D.
984 1286 1089 1352 dejure

898 1371 949 1423 dot.
969 1375 1009 1434 23,
1029 1376 1053 1424 3.

267 1455 382 1510 Dotium
395 1458 485 1507 'causa
503 1469 615 1523 semper
634 1458 662 1508 et
679 1455 783 1523 ubique
801 1454 955 1524 praecipua
974 1457 1024 1508 est.

353 1540 543 1593 POMPONIUS:
562 1537 579 1594 l.
601 1550 611 1594 l
632 1542 666 1594 I).
685 1539 754 1595 solut
771 1544 884 1594 matrim.
902 1543 949 1594 dos
967 1547 1008 1604 24,
1028 1547 1052 1595 8.

268 1626 301 1680 In
319 1626 458 1695 ambiguis
476 1642 528 1695 pro
548 1625 660 1680 dotibus
670 1626 849 1698 *respondere
867 1626 967 1680 melius
986 1628 1037 1680 est.

479 1709 613 1766 Pennus:
632 1709 648 1765 l.
669 1721 700 1766 ro
719 1713 752 1766 D.
771 1715 882 1778 dejure
899 1713 950 1766 dot.
970 1719 1010 1774 23,
1030 1718 1053 1766 3.

268 1795 314 1850 lbi
332 1797 382 1852 dos
402 1814 462 1852 esse
482 1799 575 1861 debet,
595 1798 643 1852 nbi
661 1815 748 1852 onera
765 1797 937 1852 matrimonii
955 1801 1027 1852 sunt.

409 1883 543 1937 PAULUS:
562 1881 578 1939 l.
598 1892 630 1940 56
650 1885 666 1953 5
688 1893 699 1938 1
720 1885 753 1937 D.
772 1887 882 1949 dejure
899 1885 951 1936 dot.
971 1889 1011 1937 28.
1030 1888 1054 1936 8.

249 1967 311 2022 Nisi
328 1968 502 2023 matrimonii
522 1969 652 2024 oneribus
671 1969 783 2032 serviat,
803 1968 853 2023 dos
871 1968 949 2021 nulla
967 1971 1018 2022 est.

383 2053 610 2107 Tarrflom'us:
630 2051 646 2107 l.
666 2063 698 2110 76
717 2056 751 2108 Ι).
770 2057 881 2119 dejure
898 2056 950 2107 dot.
970 2060 1010 2116 23,
1030 2059 1053 2107 8.

268 2139 359 2195 Mater
381 2158 431 2210 pro
454 2141 512 2194 filia
538 2141 634 2195 dotem
661 2139 727 2193 dare
754 2155 811 2192 non
838 2139 949 2208 cogitur
973 2138 1028 2192 nisi
1055 2155 1090 2192 ex

214 2242 320 2295 magna
338 2230 367 2282 et
384 2227 525 2297 probabili
544 2243 629 2280 causa
640 2226 686 2280 vel
698 2226 762 2294 lege
776 2223 938 2294 specialiter
950 2239 1088 2293 expressa.

624 2313 653 2365 ι.
674 2319 706 2364 14
728 2312 753 2364 C.
771 2313 881 2376 dejure
898 2312 950 2363 dot.
970 2316 993 2372 5,
1015 2316 1054 2363 12.

268 2397 450 2452 Necessariae
468 2397 613 2467 impensae
636 2397 733 2450 dotem
754 2395 892 2449 minuunt.
922 2396 1088 2449 Unrmuus:

593 2480 609 2536 l.
628 2489 643 2536 5
658 2499 704 2550 pr.
723 2482 756 2534 Ι).
776 2484 808 2534 de
826 2483 951 2548 impensis
970 2488 1010 2544 25,
1030 2489 1053 2536 1.

269 2565 434 2622 Profectitia
457 2569 507 2623 dos
526 2572 581 2632 est,
603 2583 674 2636 quae
693 2584 710 2620 a
727 2570 807 2636 patre
825 2566 872 2619 vel
889 2569 1007 2635 parente
1025 2585 1088 2637 pro-

215 2649 294 2704 fecta
312 2655 355 2706 est
373 2653 407 2708 de
426 2653 507 2708 bonis
526 2654 572 2708 vel
591 2653 667 2707 facto
686 2652 755 2706 eius.
790 2651 955 2725 Unrmnus:
974 2649 990 2705 l.
1010 2659 1025 2706 5
1042 2669 1091 2719 pr.

717 2738 750 2790 Ι).
769 2739 801 2791 de
811 2741 879 2803 jure
897 2740 949 2799 dot.
969 2745 1009 2800 23,
1029 2745 1052 2791 3.

530 2864 775 2932 Emancipatio.

270 2975 478 3030 Filiusfamilias
499 2975 670 3046 emancipari
687 2975 791 3030 invitus
810 2993 867 3030 non
885 2977 1002 3046 cogitur.

638 3061 773 3115 Pennus:
792 3060 864 3115 Sene.
883 3063 921 3126 II,
941 3068 973 3116 25
993 3063 1009 3131 θ
1029 3069 1052 3117 5.
