2666 3560
668 383 729 446 108

326 557 516 629 Cogitationis
538 544 661 624 poenam
683 564 766 603 nemo
784 545 900 616 patitur.
936 535 1144 594 111111110εεὶ.
1226 543 1236 556 ·

740 639 770 687 18
789 633 823 684 D.
842 633 875 683 de
888 629 985 697 poeuis
1003 630 1045 686 18,
1066 627 1106 674 19.

628 741 781 753 .....-—·

321 798 436 852 Poenae
462 801 520 848 nen
547 793 641 846 solent
665 786 770 858 repeti,
803 801 867 838 cum
894 781 1039 848 depensae
1068 775 1146 828 sunt.

449 880 615 933 ULPIANUS:
635 878 651 928 l.
670 881 702 929 42
722 869 899 926 1111110111.
919 858 1005 919 iudet.
1025 867 1065 922 12,
1085 868 1109 913 6.

326 966 409 1033 Quod
427 983 445 1020 a
462 980 606 1032 quoquam
623 974 734 1029 poenae
751 954 865 1010 nomine
884 952 1018 1005 exactum
1036 948 1092 1007 est,
1115 941 1148 995 id

274 1054 367 1109 eidem
388 1050 538 1106 restituere
560 1062 643 1100 nemo
667 1042 784 1112 cogitur.
822 1038 929 1093 Gamo:
957 1037 974 1089 l.
998 1039 1032 1086 46
1055 1032 1089 1085 D.
1113 1031 1149 1081 de

909 1121 1048 1180 R.J.50,
1070 1123 1111 1170 17.

329 1221 523 1276 constitutum
541 1219 586 1272 est
605 1231 761 1286 poenarum
778 1227 879 1264 usuras
897 1207 959 1279 peti
976 1222 1035 1258 non
1051 1217 1151 1273 posse.

326 1309 398 1362 Rem
427 1323 507 1360 suam
533 1298 770 1371 persequentibus
796 1311 907 1366 poenae
931 1290 1042 1350 exactio
1070 1289 1150 1358 post·

275 1395 399 1464 ponitur.
435 1392 465 1443 L.
482 1406 525 1443 un.
547 1388 573 1441 C.
590 1388 623 1439 de
635 1401 714 1452 poen.
729 1385 789 1451 fiee.
808 1389 849 1444 10,
870 1389 893 1434 7.
916 1435 920 1444 ,

328 1475 460 1531 Omnium
481 1471 619 1526 fiscalium
644 1485 801 1539 poenarum
827 1464 930 1536 petitio
959 1457 1154 1515 creditoribus

276 1554 465 1634 postponitur.
500 1557 709 1610 Monnsrmos:
727 1556 744 1606 1.
764 1561 795 1606 17
816 1553 848 1605 Ι).
862 1553 968 1616 dejure
977 1547 1041 1614 fisci
1052 1551 1094 1606 49,
1110 1551 1152 1597 14.

329 1646 469 1701 Defuncto
488 1659 535 1705 eo,
559 1640 607 1708 qui
624 1657 688 1695 reus
706 1639 762 1692 fuit
780 1635 917 1698 crimmis,
942 1635 972 1686 et
988 1646 1087 1701 poena
1106 1644 1154 1681 ex-

277 1734 369 1789 tincta
388 1732 439 1784 est.
473 1729 662 1782 Mammeos:
691 1726 711 1777 1.-
727 1731 741 1777 6
761 1722 794 1776 D.
813 1725 846 1774 de
860 1717 936 1788 publ.
946 1719 1009 1784 jud.
1028 1724 1072 1779 48,
1093 1723 1117 1768 1.

330 1814 567 1884 interpretatione
602 1811 699 1879 legum
733 1823 845 1877 poenae
881 1801 1054 1858 molliendae
1086 1802 1157 1854 sunt

278 1902 375 1973 potius
407 1915 492 1967 quam
524 1894 707 1964 asperandae.
756 1893 1037 1945 Hnuuosnumrusz
1070 1889 1088 1940 1.
1121 1891 1156 1940 42

537 2043 539 2046 ,
801 1979 834 2030 D.
852 1980 885 2030 de
898 1979 996 2044 poenis
1014 1981 1057 2036 48,
1080 1979 1119 2026 19.

335 2072 369 2126 In
387 2066 556 2138 poenalibus
569 2063 660 2119 causis
673 2061 822 2131 benignius
839 2059 1090 2129 interpretandum
1103 2057 1159 2110 est.

486 2145 1121 2215 111111115511111111111,11.

522 2309 741 2365 Pollicitetio.
773 2309 911 2364 Votum.

301 2469 302 2472 ,
336 2421 509 2477 Pollicitatio
529 2422 573 2474 est
590 2419 733 2473 offerentis
753 2418 840 2471 solius
858 2418 1040 2487 promissum.

487 2505 654 2559 ULPIANUS:
674 2506 690 2556 l.
710 2511 785 2570 tpr.
805 2504 839 2557 D.
858 2507 891 2556 dc
906 2504 999 2570 pellic.
1020 2509 1062 2565 50,
1083 2507 1125 2556 12,

338 2593 368 2647 Si
386 2592 448 2660 quis
466 2607 525 2649 rem
543 2588 666 2656 aliquam
683 2587 801 2651 voverit,
819 2591 888 2642 voto
909 2588 1062 2656 obligatur.

551 2673 716 2727 ULPIANUS:
736 2675 752 2726 1.
772 2674 1000 2739 211ιί610110.
1021 2679 1063 2735 50,
1084 2678 1126 2724 12.

338 2759 476 2816 Salarium
497 2758 621 2813 incertae
644 2757 860 2828 pollicitationis
887 2757 949 2826 peti
971 2774 1030 2810 non
1052 2758 1162 2826 potest.

750 2844 778 2895 1.
799 2851 830 2896 11
854 2845 880 2896 θ.
900 2845 1022 2895 mandati
1039 2851 1063 2905 4,
1084 2849 1127 2896 35.

339 2929 407 2984 Voti
433 2927 636 2997 obligationem
663 2927 700 2980 ad
722 2927 857 2981 heredem
884 2928 1007 2982 transire
1036 2927 1162 2980 constat.

484 3013 648 3066 UnPIANUS:
668 3014 684 3076 l,
704 3019 718 3065 2
738 3013 755 3079 ξ
775 3019 790 3065 2
808 3013 843 3066 11.
861 3015 895 3066 de
911 3015 1003 3080 pollio.
1023 3019 1065 3075 50,
1087 3018 1129 3065 12.
