2698 3558
601 319 642 384 23

184 485 323 541 delictum
340 485 442 542 minuit
458 501 589 556 poenam.
625 485 792 540 Uoranus:
816 488 832 540 l.
852 493 866 540 2
885 487 919 540 J).
937 488 970 540 dc
982 489 1055 555 prio.

866 573 916 627 dcl.
935 578 977 634 47,
997 579 1020 625 1.

538 751 706 808 conditio.

239 896 293 962 Qui
310 896 363 952 sub
382 895 543 952 conditione
562 895 723 968 stipulatur,
742 915 815 966 quae
835 897 996 953 omnimodo
1010 914 1055 952 ox-

183 983 275 1038 titura
293 985 344 1048 est,
362 999 433 1052 pme
451 983 564 1038 videtur
582 983 720 1054 stipulari.
748 983 914 1038 Uhemrus:
934 984 950 1037 l.
970 989 985 1038 9
1003 983 1021 1052 5
1044 993 1053 1036 1

730 1067 763 1123 D.
782 1072 815 1124 dc
832 1073 917 1125 novat.
935 1075 977 1132 46,
996 1077 1021 1124 2.

239 1155 309 1210 Cum
331 1153 393 1223 quis
417 1155 470 1208 sub
494 1154 655 1210 conditione
678 1155 760 1210 hcrcs
782 1155 931 1210 institutus
959 1153 1054 1216 fuerit,

184 1239 348 1296 conditione
367 1240 480 1310 expleta
498 1257 549 1310 pro
573 1255 607 1294 eo
630 1241 687 1301 est,
711 1239 793 1308 quasi
814 1256 885 1311 pure
907 1239 1053 1294 hereditas

184 1326 285 1381 relicta
302 1324 411 1380 fuisset.

237 1409 308 1466 Cum
325 1427 383 1465 non
400 1413 459 1465 stat
476 1428 527 1481 per
545 1428 618 1475 eum,
637 1410 674 1464 ad
692 1427 777 1479 quem
793 1411 926 1481 pertinet,
946 1411 1053 1480 quomi-

186 1514 239 1550 nus
258 1495 382 1552 conditio
403 1495 568 1566 impleatur,
591 1497 691 1550 haberi
713 1496 800 1552 debet
822 1497 951 1567 perinde,
976 1496 1054 1551 acsi

182 1579 305 1651 impleta
321 1581 431 1637 fuisset.
467 1597 489 1636 c.
508 1589 540 1636 56
559 1584 592 1635 de
611 1583 644 1639 R.
662 1583 686 1636 Ι.
706 1585 733 1636 in
751 1587 793 1638 oto
812 1591 836 1646 5,
857 1590 895 1637 12.

237 1667 367 1722 Conditio
385 1666 414 1722 in
430 1666 623 1736 praeteritum,
642 1685 699 1722 non
711 1670 823 1722 tantum
834 1685 971 1738 praesens
984 1671 1053 1724 tom-

183 1770 239 1821 pus
254 1752 348 1808 relata
364 1753 462 1807 statim
474 1755 524 1808 aut
535 1752 649 1823 perimit
661 1752 865 1822 obligationem
877 1757 928 1808 aut
940 1753 1054 1809 omnino

183 1854 242 1892 non
259 1837 360 1892 differt.
396 1837 603 1892 Monusrnrus:
622 1841 639 1893 1.
660 1846 708 1894 100
726 1839 759 1893 Ι).
778 1841 810 1894 dc
833 1839 861 1894 V.
884 1840 912 1893 0.
930 1847 973 1902 45,
994 1847 1017 1894 1.

238 1923 404 1992 Quicunque
423 1923 475 1978 sub
495 1923 656 1980 conditione
675 1924 819 1994 obligatus
839 1925 991 1986 curaverit,
1015 1941 1052 1978 ne

182 2008 309 2063 conditio
340 2008 487 2070 existeret,
516 2007 698 2064 nihilominus
727 2009 878 2080 obligatur.
918 2009 1053 2062 Faunus:

571 2094 1020 2164 Mffltstmfflstwh

235 2179 268 2233 In
286 2179 495 2235 conditionibus
513 2183 750 2237 testamentorum
761 2182 939 2237 voluntatem
955 2180 1052 2250 potius

181 2281 270 2332 quam
287 2264 374 2319 verba
393 2265 566 2320 considerari
587 2268 709 2336 oportet.
744 2265 942 2320 Pronurus:
966 2269 983 2321 l.
1004 2275 1050 2322 101

720 2354 753 2406 Ι).
772 2355 805 2406 de
821 2355 915 2406 condit.
934 2359 975 2416 85,
996 2361 1019 2408 1.

234 2434 300 2490 Dies
318 2436 443 2491 incertus
462 2435 654 2493 conditionem
671 2438 702 2492 in
719 2440 893 2492 testamento
911 2438 988 2493 facit.

412 2521 609 2576 Pmmrmus:
629 2527 645 2577 1.
666 2531 697 2577 75
716 2523 749 2577 Ι).
768 2526 801 2577 de
818 2526 913 2581 condit.
932 2531 974 2586 35,
995 2532 1017 2578 1.

235 2604 365 2661 Conditio
384 2607 485 2662 efficax
503 2611 560 2672 cst,
583 2625 656 2678 quae
677 2609 707 2663 in
726 2609 925 2664 constituenda
944 2609 1052 2680 obliga·

179 2682 260 2744 tione
277 2691 418 2756 inseritur,
436 2711 494 2748 non
511 2710 585 2764 quae
603 2695 670 2764 post
681 2694 838 2764 perfectam
851 2711 914 2750 eam
925 2695 1050 2764 ponitur.

375 2778 507 2832 PAmrUS:
528 2782 544 2833 1.
563 2788 597 2834 44
615 2779 716 2848 §alt
736 2781 768 2833 de
790 2780 819 2837 0.
837 2783 912 2835 ctA.
931 2789 973 2844 44,
993 2789 1016 2835 7.

233 2860 364 2917 Perfecta
394 2863 510 2920 donatio
541 2863 717 2919 conditiones
747 2868 850 2934 postea
878 2882 936 2919 non
966 2857 1051 2935 capit.

646 2951 710 3006 Li
733 2953 809 3004 ade
826 2953 913 3003 donat.
932 2959 956 3012 4,
976 2957 1017 3005 55.

233 3031 421 3103 Impossibilis
442 3035 566 3090 conditio
584 3036 718 3099 habetur,
742 3035 789 3091 cui
808 3040 911 3091 natura
932 3035 1051 3106 impedi-
