2666 3560
670 349 732 412 154

314 515 402 569 Nemo
426 515 501 570 enim
524 533 586 570 eam
609 515 663 572 sibi
684 519 781 586 potest
806 517 897 586 legem
926 515 1029 577 dicere,
1057 518 1090 570 ut
1117 531 1136 566 a
1172 581 1174 584 Α

262 601 351 670 priori
369 601 396 655 ei
413 602 545 655 recedere
564 619 621 656 non
639 602 733 656 liccat.
768 601 1044 656 Haauocnrmuus:
1063 603 1080 653 l.
1101 609 1134 654 22

767 705 814 756 pr.
833 690 868 742 J).
885 691 918 742 αθ
935 689 1029 756 leuatis
1041 687 1098 738 III.

280 841 283 848 ἱ
316 771 398 836 Quod
422 789 562 826 consensu
581 775 759 827 contractum
777 778 828 837 cst,
856 773 1013 828 contrariae
1035 772 1135 826 volun·

262 857 331 911 tatis
351 857 521 912 adminiculo
541 858 710 914 dissolvitur.
730 862 760 914 L.
775 868 788 914 l
806 861 832 916 C.
847 862 949 927 wando
961 861 1042 912 liceat
1053 866 1078 920 4,
1091 864 1135 912 45.

316 960 393 1026 Quae
416 977 557 1015 consensu
579 962 798 1025 contrahuntur,
821 960 963 1016 contraria
985 961 1135 1015 voluntate

263 1047 463 1101 dissolvuntur.
500 1048 517 1115 ξ
535 1055 552 1100 4
570 1047 595 1101 J.
612 1044 680 1114 quib.
699 1050 763 1100 mod.
782 1044 837 1104 toll.
855 1043 931 1113 cdliy.
950 1053 973 1109 3,
994 1053 1033 1100 90.

314 1149 388 1232 liudi
401 1165 553 1202 consensus
568 1149 703 1217 obligatio
723 1149 862 1204 contrario
882 1165 1020 1203 consensu
1033 1148 1135 1202 dissol-

263 1234 345 1289 vitur.
381 1235 551 1288 ULPIANUS:
570 1237 587 1287 l.
608 1242 639 1290 35
658 1236 691 1288 Ι).
710 1237 743 1287 αθ
761 1236 794 1288 R.
812 1234 838 1288 J.
858 1243 899 1297 50,
919 1243 959 1289 17.

315 1336 428 1390 Nullam
445 1340 542 1406 potest
560 1337 649 1391 videri
666 1337 797 1394 iniuriam
815 1337 957 1406 accipere,
977 1336 1025 1405 qui
1045 1335 1137 1390 semel

263 1422 361 1476 voluit.
397 1422 530 1475 Pennus:
553 1425 571 1476 l.
591 1430 605 1478 9
625 1423 641 1491 ξ
662 1432 674 1477 1
694 1425 728 1476 D.
747 1426 780 1476 αθ
798 1439 866 1490 aqua
887 1428 927 1485 99,
947 1429 970 1476 9,

315 1507 430 1562 Volenti
447 1525 504 1562 non
522 1507 553 1561 fit
570 1507 681 1563 iniuria.

314 1610 421 1664 Scienti
440 1612 469 1664 et
487 1610 675 1665 consentienti
693 1627 752 1666 non
769 1610 800 1664 fit
817 1608 921 1664 iniuria
936 1625 1029 1677 neque
1043 1609 1136 1662 dolus.

667 1695 1099 1756 cwMRmeam

316 1779 467 1848 Nunquam
490 1780 650 1835 volentibus
676 1782 756 1835 dolus
777 1781 902 1835 infertur.
945 1781 973 1833 L.
998 1787 1031 1834 34
1057 1781 1083 1832 C.
1104 1779 1139 1832 αθ

919 1867 1012 1934 pactis
1031 1872 1055 1927 9,
1075 1871 1100 1919 9.

316 1947 405 2003 Nemo
425 1949 536 2004 videtur
552 1950 684 2006 fraudare
703 1967 765 2013 eos,
790 1950 840 2019 qui
858 1950 952 2004 sciunt
970 1952 999 2003 et
1017 1965 1137 2003 consen·

264 2033 347 2087 tiunt.
382 2034 546 2090 cremnos:
565 2038 584 2089 l.
605 2044 652 2090 145
671 2036 704 2090 Ι).
723 2039 755 2090 αθ
774 2037 807 2089 R.
825 2036 851 2090 J.
871 2043 912 2098 50,
932 2044 972 2089 17.

315 2117 384 2171 Eius
408 2122 451 2172 est
472 2118 562 2182 nolle,
586 2120 635 2188 qui
658 2123 755 2190 potest
771 2120 853 2174 velle.
888 2120 1055 2173 ULPIANUS:
1082 2119 1100 2170 l.
1122 2125 1137 2170 3

795 2205 1099 2266 RQRLQU

316 2285 409 2340 Invito
427 2287 595 2342 beneficium
612 2306 670 2343 non
688 2290 779 2345 datur.
814 2289 948 2342 Pronus:
967 2292 984 2343 l.
1004 2295 1036 2343 69
1055 2288 1089 2341 D.
1102 2289 1138 2340 αθ

854 2374 862 2389 ’
900 2375 934 2427 R.
952 2374 977 2427 J.
997 2382 1037 2436 50,
1060 2381 1099 2426 17.

316 2455 379 2510 Non
396 2459 491 2526 potest
507 2457 663 2513 liberalitas
686 2458 793 2513 nolenti
816 2458 932 2527 acquiri.
966 2458 1137 2511 ULPIANUS:

646 2547 662 2597 1.
684 2551 714 2599 19
734 2544 837 2612 521).
856 2547 889 2596 αθ
907 2547 994 2596 donat.
1014 2549 1055 2604 99,
1075 2549 1099 2597 5.

316 2625 405 2681 Nemo
423 2628 527 2682 invitus
546 2629 641 2683 donat.

316 2710 401 2765 Inviti
417 2713 528 2782 regotia
545 2730 603 2767 non
621 2716 763 2783 geruntur.
872 2717 874 2723 '

316 2796 400 2852 inriti
413 2799 610 2852 adolescentes
624 2803 769 2854 curatores
781 2815 839 2852 non
848 2798 994 2866 accipiunt
1008 2801 1137 2867 praeter·

265 2897 350 2948 quarn
368 2881 397 2934 in
414 2882 502 2936 litem.
539 2884 555 2951 5
576 2891 591 2936 9
609 2884 634 2937 J.
653 2887 686 2937 αθ
703 2880 872 2936 miratoribus
892 2891 913 2944 1,
933 2889 973 2936 23.

315 2964 423 3020 Invitus
442 2967 669 3036 procurationem
687 2968 831 3037 suscipere
849 2983 933 3021 nemo
952 2967 1072 3035 cogitur.
1104 2967 1137 3019 L.

678 3061 709 3106 17
732 3053 758 3108 0.
776 3054 808 3104 αθ
821 3057 994 3118 procurator.
1014 3058 1038 3113 2,
1058 3057 1099 3103 13.
