2634 3556
587 313 628 377 51

512 539 694 596 Exhibere.

217 649 358 706 Exhibere
382 654 425 705 est
446 650 540 705 faeere
563 651 592 704 in
614 649 730 720 publico
752 653 937 720 potestatem,
959 654 991 705 ut
1009 651 1042 713 ei,

167 737 216 806 qui
239 739 321 806 agat,
345 735 511 805 experiundi
533 735 570 790 sit
592 735 683 805 copia.
719 735 853 790 PAULUS:
881 738 897 789 l.
922 736 988 790 21).
1008 739 1044 789 ad

815 818 903 874 exlib.
924 828 964 885 10,
982 829 1006 876 4.

217 906 358 962 Exhibere
386 909 429 962 eet
455 905 485 960 in
507 905 654 975 publicum
676 907 839 976 producere.
874 906 1041 959 ULPIAuus:

515 993 531 1045 ι.
551 999 566 1046 a
586 993 602 1061 ς
622 999 638 1048 a
657 993 689 1046 D.
708 995 741 1046 a
758 993 824 1046 rom.
844 993 886 1045 tu.
905 999 947 1054 43,
966 999 1006 1047 re.

217 1078 357 1133 Exhibere
369 1079 413 1131 est
424 1077 615 1146 praesentiam
630 1078 753 1148 corporis
765 1078 910 1148 praebere.
934 1077 1041 1132 GAIUS:

614 1165 631 1216 l.
651 1171 682 1218 22>
702 1165 736 1218 D.
754 1166 786 1216 de
809 1163 837 1218 V.
856 1160 886 1220 S.
904 1170 945 1227 50,
966 1171 1005 1218 16.

216 1251 262 1304 Ad
281 1246 470 1304 exhibendum
487 1252 608 1317 possunt
626 1265 710 1318 agere
729 1265 839 1312 omneS,
864 1265 984 1316 quorum
1000 1248 1040 1302 in·

166 1338 264 1391 teresi.
300 1334 435 1387 Plutus:
454 1335 470 1387 l.
491 1340 522 1388 19
542 1335 574 1387 D.
594 1337 630 1387 ad
646 1334 733 1388 exhib.
754 1342 793 1398 10,
812 1342 836 1388 4.

489 1511 717 1568 Existimatio.

216 1623 396 1679 Existimatio
414 1626 459 1678 est
477 1622 625 1692 dignitatis
644 1622 760 1678 illaesae
778 1626 869 1678 status
882 1622 992 1692 legibus
1006 1640 1039 1677 ae

163 1711 292 1765 moribus
306 1709 515 1779 comprobatus,
535 1707 584 1776 qui
597 1725 630 1762 ex
643 1708 746 1763 delicto
759 1712 857 1763 nostro
870 1708 1040 1762 auctoritate

163 1797 261 1866 legum
284 1798 334 1849 aut
354 1793 490 1848 minuitur
508 1797 558 1848 aut
583 1795 763 1849 consumitur.
800 1794 1039 1848 clausimus:

407 1882 424 1932 l.
444 1886 458 1933 5
479 1879 495 1948 fi
517 1887 530 1933 1
550 1879 583 1932 D.
601 1881 634 1932 de
653 1882 792 1933 extraord.
811 1896 883 1948 coqu.
903 1887 944 1944 50,
964 1887 1003 1934 13.

479 2079 481 2086 v
494 2059 716 2126 Expressum.

220 2169 365 2239 Expressa
382 2171 495 2232 nocent,
514 2185 571 2222 non
590 2186 722 2238 expressa
738 2187 796 2225 non
813 2172 925 2224 nocent.

370 2254 582 2308 Monasrrrus:
602 2257 618 2308 l.
639 2263 687 2310 195
707 2257 740 2309 I).
758 2258 790 2310 de
809 2257 842 2309 R.
861 2256 885 2308 J.
904 2262 946 2318 50,
966 2263 1006 2308 17.

528 2415 681 2471 Factum.

217 2527 299 2592 Quod
316 2526 391 2581 enim
408 2526 517 2581 iactum
535 2530 591 2591 est,
616 2525 753 2581 infertum
776 2543 890 2582 manere
908 2526 1036 2596 impossi-

165 2613 222 2668 bile
241 2615 294 2666 ert.
330 2613 393 2665 Nov.
412 2618 443 2666 97
463 2628 484 2666 c.
505 2620 527 2665 1.

215 2697 337 2752 Factum
347 2713 405 2750 non
418 2696 529 2760 dieitur,
547 2696 596 2750 ubi
609 2696 717 2765 aliquid
731 2700 860 2767 superest
868 2696 1037 2751 faciendum.

215 2781 271 2835 Ubi
288 2781 397 2836 factum
415 2781 574 2850 requiritur,
593 2783 681 2836 verba
698 2801 755 2837 non
774 2782 923 2836 sufficiunt.

214 2867 334 2921 Factum
354 2867 455 2936 cuique
474 2885 563 2946 suum,
581 2884 640 2921 nou
657 2868 817 2924 adversario
830 2885 932 2922 nocere
945 2867 1037 2922 debet.

385 2952 519 3006 Plutus:
539 2955 555 3006 l.
576 2959 624 3008 135
638 2969 685 3022 pr.
704 2956 736 3009 D.
756 2958 788 3008 de
806 2957 839 3007 R.
858 2955 882 3008 J.
902 2961 943 3016 50,
963 2960 1003 3009 17.

215 3039 248 3091 In
267 3037 396 3092 omnibus
416 3036 509 3091 causis
532 3054 585 3106 pro
607 3038 684 3094 facto
708 3039 847 3109 accipitur
864 3038 906 3102 id,
927 3037 958 3090 in
980 3053 1036 3105 quo

850 3142 883 3195 4²11*
