2698 3558
599 317 637 382 27

419 491 625 548 concientia
646 491 822 560 principie.

237 633 409 689 Constitutio
427 635 562 704 principis
582 639 637 698 eet,
661 637 738 704 quod
760 635 914 704 imperator
937 635 1053 689 decreto

183 720 231 774 vel
250 720 343 775 edicto
363 721 407 775 vel
425 721 547 790 epistola
567 720 722 776 coustituit.
759 722 853 776 GAIus
873 729 895 782 1,
917 729 940 776 5.

238 805 320 871 Quod
336 805 458 876 principi
475 807 591 876 placuit,
609 806 680 877 legis
699 808 788 862 habet
805 806 950 877 vigorem.-

308 892 474 946 Unmuus:
492 891 509 945 l.
530 901 541 947 1
556 909 603 962 pr.
622 893 655 947 D.
673 895 707 947 dc
724 896 825 947 constit.
840 895 929 962 princ.
951 899 973 955 1,
991 899 1017 944 4.

505 1089 732 1146 consuetudo.

236 1233 301 1288 Sine
321 1234 426 1304 scripto
438 1233 482 1288 ius
495 1234 581 1296 venit,
600 1235 676 1302 quod
694 1253 761 1290 usus
781 1233 964 1304 approbavit;
985 1248 1051 1286 narn

185 1318 310 1374 diuturni
327 1337 420 1374 mores
440 1335 579 1374 consensu
598 1320 738 1376 utentium
763 1318 940 1390 comprobati
957 1319 1052 1389 legem

181 1403 338 1459 imitantur.
375 1406 392 1473 ἕ
413 1412 428 1459 9
446 1407 471 1460 J.
489 1408 522 1460 de
531 1409 599 1474 jure
616 1413 669 1460 not.
689 1414 711 1466 l,
730 1415 754 1460 2.

236 1489 339 1546 Merito
358 1495 387 1546 et
405 1507 451 1562 eo,
475 1509 548 1560 quae
566 1491 626 1546 eine
645 1492 703 1548 ullo
722 1490 828 1561 scripto
846 1491 969 1561 populus
987 1507 1052 1560 pro·

183 1575 276 1639 bavit,
302 1577 442 1632 tenebunt
464 1594 570 1632 omnes.
606 1578 761 1630 quinuus:
789 1575 805 1630 t.
831 1585 862 1632 82
886 1579 902 1645 ἕ
928 1584 943 1631 9
967 1577 1000 1629 Ι).
1019 1578 1052 1630 de

864 1659 928 1730 lcpp.
950 1670 973 1724 1,
993 1669 1016 1716 3.

235 1747 374 1803 Diuturno
393 1749 568 1804 consuetudo
587 1765 638 1818 pro
656 1749 716 1804 iure
735 1751 764 1804 et
781 1749 845 1819 lege
863 1748 894 1802 in
905 1747 958 1808 his,
977 1764 1052 1814 quae

183 1849 241 1887 non
253 1849 287 1887 ex
300 1834 406 1904 scripto
419 1835 604 1897 descendunt,
618 1835 762 1889 observari
775 1834 856 1889 solet.
882 1833 1051 1886 Uuernuus:

676 1919 693 1975 l.
713 1928 744 1976 83
763 1919 928 1988 occup.
949 1911 972 1982 1,
992 1927 1015 1973 3.

235 2002 326 2074 Leges
345 2023 458 2074 quoque
475 2006 553 2076 ipsus
573 2007 729 2076 antiquitus
747 2007 869 2076 probate
888 2010 917 2060 et
936 2008 1051 2059 servata

183 2090 324 2146 tenaciter
342 2091 518 2146 consuetudo
536 2092 670 2146 imitatur.
707 2093 736 2146 L.
757 2099 771 2147 3
793 2093 819 2145 O.
837 2106 904 2159 quoe
921 2093 957 2144 sit
974 2088 1053 2158 tonpo

519 2171 522 2178 '
847 2193 916 2230 cone.
934 2183 957 2238 8,
976 2183 1018 2232 53.

234 2261 397 2318 Invcterata
416 2264 591 2318 consuetudo
609 2281 660 2334 pro
678 2264 742 2334 lege
761 2279 818 2317 non
839 2262 980 2316 immerito
1004 2280 1050 2316 cu-

183 2346 314 2403 stoditur.
349 2340 505 2403 IULIANUS:
524 2345 539 2404 l.
560 2357 591 2405 32
611 2351 627 2418 ἕ
648 2357 661 2404 1
681 2351 715 2403 Ι).
734 2352 766 2402 de
786 2347 850 2417 leqq.
870 2355 936 2412 1,3.

235 2432 454 2490 Consuetudinis
466 2453 588 2504 ususque
600 2435 734 2505 longaevi
746 2453 803 2489 non
818 2434 878 2488 vilis
893 2433 1049 2488 auctoritas

183 2521 238 2572 est.
273 2521 302 2574 l.
323 2527 337 2574 2
359 2522 385 2574 C.
403 2537 469 2588 quoe
486 2525 522 2574 sit
539 2519 616 2586 lonpo
633 2537 702 2575 cons.
721 2527 746 2584 8,
766 2529 805 2576 53.

236 2603 351 2674 Optima
369 2609 413 2661 est
430 2607 525 2676 legum
542 2607 682 2676 interpres
701 2607 885 2661 consuetudo.

421 2692 659 2746 Cunmsnnnnus:
678 2688 694 2744 l.
714 2693 745 2744 37
766 2693 798 2746 I).
817 2695 849 2746 dc
866 2690 930 2759 lcpp.
950 2699 972 2754 1,
992 2700 1015 2747 3.

234 2775 363 2830 Naturali
379 2777 432 2831 iuri
450 2777 654 2832 consuetudine
673 2777 803 2847 derogari
821 2793 878 2832 non
895 2781 1000 2848 potest.

233 2859 327 2916 Malae
338 2863 557 2918 consuetudines
568 2880 658 2931 neque
670 2880 703 2918 ex
715 2863 802 2932 longo
815 2867 943 2933 tempore
956 2880 1047 2930 neque

182 2946 322 3016 exlongo
341 2949 543 3014 consuetudine
564 2949 771 3003 confirmantur.
808 2949 870 3002 Noc.
892 2957 939 3003 134
959 2964 980 3001 c.
1001 2957 1023 3002 l.
