2666 3560
597 245 636 307 97

179 464 184 476 ,
234 409 288 475 Qui
304 410 373 464 faoit
390 427 442 481 per
459 409 557 474 alium,
580 413 624 464 est
645 410 775 480 perinde,
799 427 833 465 ae
852 411 877 465 si
896 411 984 465 faeiat
1001 427 1054 481 per

179 511 214 550 se
231 495 333 566 ipsum.
368 511 389 549 c.
410 496 797 560 sadeR.J.inet05,1n

233 581 325 636 Locus
343 580 418 651 regit
435 584 540 636 aetum.
645 575 652 592 ⁸

538 743 695 800 Horatio.

194 905 196 910 ,
233 853 355 908 Neratio
374 857 418 908 est
433 853 535 924 pn'oris
548 853 638 908 debiti
648 855 679 908 in
692 853 778 908 aliam
791 854 995 926 obligationem
1007 855 1054 910 vel

178 937 295 994 civilem
311 939 358 994 vel
373 939 531 993 naturalem
548 939 701 994 transfusio
721 942 807 1008 atque
825 939 984 994 translatio.

413 1024 579 1078 Unmnus:
599 1027 615 1078 1.
637 1033 649 1079 l
666 1041 710 1094 pr.
728 1026 762 1078 D.
780 1027 814 1079 de
831 1031 916 1079 mont.
934 1032 978 1090 46,
996 1031 1021 1080 2.

234 1110 338 1166 Omnes
356 1127 401 1165 res
419 1110 538 1165 transire
555 1109 586 1164 in
603 1110 786 1166 novationem
804 1114 934 1181 possunt.

473 1195 638 1250 UnPIArms:
657 1198 674 1249 l.
688 1203 709 1254 ,2
727 1196 761 1250 1).
780 1199 813 1250 de
830 1201 914 1250 novat.
934 1203 978 1260 46,
997 1202 1020 1249 2.

235 1281 288 1336 eui
304 1285 381 1336 reete
400 1280 525 1343 solvitur,
543 1281 568 1334 is
588 1281 676 1335 etiam
692 1298 798 1336 novare
816 1284 919 1350 potest.

234 1365 356 1421 Novatio
385 1383 443 1420 non
471 1370 569 1436 potest
599 1365 762 1435 contingere
793 1383 828 1422 ea
862 1365 1056 1436 stipulatione,

180 1469 259 1520 quae
277 1469 334 1507 non
352 1451 545 1509 committitur.
572 1452 762 1507 POMPONIUS:
781 1454 798 1505 l.
817 1453 901 1506 241).
920 1455 953 1505 de
970 1461 1056 1508 novat.

936 1544 979 1601 46,
998 1546 1021 1592 2.

411 1698 500 1754 Novl
521 1699 634 1767 operis
656 1697 836 1754 nuntiatio.

238 1808 337 1880 Operis
355 1809 423 1864 novi
440 1807 581 1863 nuntiatio
599 1808 629 1863 in
646 1826 706 1863 rem
723 1809 762 1872 fit,
781 1826 838 1863 non
855 1808 885 1862 in
896 1825 1057 1878 personam.

406 1894 574 1949 Ummnus:
593 1897 610 1948 l.
630 1902 661 1950 10
680 1896 714 1951 D.
731 1897 764 1948 de
783 1896 814 1951 Ν.
838 1895 865 1948 0.
887 1896 918 1948 Ν.
938 1901 979 1958 39,
1000 1904 1022 1948 1.

237 1980 286 2033 Ius
309 1979 397 2034 habet
418 1997 523 2034 novum
545 1997 617 2049 opus
641 1978 802 2043 nuntiandi,
825 1979 874 2048 qui
897 1982 948 2033 aut
969 1979 1057 2034 domi·

183 2065 265 2119 nium
284 2068 333 2119 aut
351 2065 517 2121 servitutem
535 2063 631 2120 habet.
666 2064 831 2118 Uanan:
855 2067 872 2118 l.
891 2081 933 2119 aa.
953 2065 970 2133 ἕ
990 2073 1004 2118 3
1023 2067 1058 2120 Ι).

433 2137 435 2144 ’
748 2154 781 2204 de
799 2152 901 2206 remiss.
919 2156 962 2213 43,
981 2157 1022 2204 25.

564 2331 674 2387 Nona.

235 2438 334 2495 Nonae
353 2440 544 2511 appellatione
563 2457 645 2496 omne
665 2439 800 2496 delictum
818 2439 987 2494 continetur.

417 2527 524 2581 Gmus:
543 2529 560 2580 l.
579 2533 629 2582 238
648 2527 665 2595 g
685 2533 700 2579 3
719 2527 752 2579 Ι).
771 2528 803 2579 de
827 2525 854 2578 V.
873 2525 901 2578 S.
921 2531 961 2587 50,
982 2531 1022 2579 16.

239 2611 335 2666 Noxae
355 2612 432 2667 datio
451 2630 508 2668 non
526 2615 571 2666 est
586 2610 617 2664 in
635 2611 755 2674 actione,
775 2610 826 2664 sed
842 2607 873 2662 in
892 2607 1039 2663 solutione.

236 2695 319 2752 Noxa
344 2701 431 2768 caput
457 2696 591 2765 sequitur.
626 2696 794 2750 Uanmnus:
822 2695 871 2748 151
896 2695 913 2762 5
936 2696 1003 2749 21).
1026 2696 1060 2748 de

778 2781 918 2848 priondel.
937 2787 979 2844 47,
1000 2787 1023 2835 1.

233 2866 321 2921 Aetio
339 2867 447 2923 noxalis
466 2869 555 2937 caput
578 2865 713 2935 sequitur.
750 2865 861 2921 Gsms:
887 2859 908 2918 1.'
922 2865 1008 2920 ao-D.
1025 2867 1060 2919 de

802 2966 866 3004 nox.
884 2955 935 3004 act.
956 2956 981 3014 9,
999 2959 1024 3004 4.

872 3061 886 3106 7
