2698 3558
599 270 640 332 'il

235 437 353 492 Minime
371 455 429 492 non
447 441 528 492 curat
544 440 675 507 praetor..

234 523 291 578 Ubi
309 527 460 594 occeptum
477 527 521 578 est
539 525 627 578 semel
644 523 788 587 indicium,
806 523 846 577 ibi
864 527 893 579 et
910 524 995 578 finem
1009 541 1054 579 eo-

182 609 279 680 cipere
298 609 392 664 debet.
428 607 623 662 Menounnus:
641 606 658 663 l.
677 610 760 666 ³01).
779 611 811 664 de
820 611 934 678 jndicio
952 617 976 674 t,
997 617 1019 665 1.

236 695 289 749 Cui
305 693 462 748 iurisdictio
481 694 547 748 dete
565 697 621 758 est,
645 711 680 749 ea
703 713 816 764 quoque
836 713 973 751 concesse
992 714 1056 751 esse

181 780 325 844 videntur,
345 778 405 834 eine
423 779 525 848 quibus
543 779 701 835 iurisdictio
720 781 856 851 explicari
873 799 931 836 non
948 783 1054 852 potuit,

427 867 611 920 Ievonnnus:
630 868 646 920 1.
666 867 733 922 21).
752 869 932 933 dejure-dict.
952 873 975 930 2,
997 875 1020 922 1.

235 952 333 1016 Nemo,
345 950 394 1020 qui
404 953 592 1007 condemnare
603 955 708 1022 potest,
721 952 869 1008 absolvere
881 970 938 1007 non
948 957 1055 1024 potest.

451 1037 616 1092 Unrnrus:
635 1040 652 1092 1.
670 1046 701 1092 er
721 1040 755 1094 Ι).
773 1042 806 1092 da
824 1040 858 1094 R.
876 1041 901 1095 J.
920 1048 961 1104 50,
982 1049 1022 1096 17.

236 1124 325 1178 ludex
343 1140 401 1178 non
418 1123 504 1178 debet
521 1124 586 1194 lege
605 1124 771 1179 clementior
789 1141 861 1180 esse.

236 1209 404 1278 Ubicunque
424 1226 509 1264 ceusu
527 1209 651 1279 cognitio
669 1213 724 1274 est,
746 1209 787 1263 ibi
807 1213 923 1280 praetor
946 1211 1055 1266 deside·

181 1300 271 1352 retur.
306 1295 439 1350 PAULUS:
459 1297 476 1350 l.
497 1303 544 1350 105
562 1295 597 1349 Ι).
615 1297 648 1350 de
665 1297 699 1352 R.
717 1296 743 1356 J,
762 1303 803 1360 50,
823 1304 863 1350 17.

236 1381 321 1436 Nullo
340 1384 436 1436 actore
455 1381 549 1434 nullus
566 1380 660 1434 iudex.

235 1467 292 1520 Ubi
309 1466 483 1522 domicilium
500 1484 563 1522 reus
581 1467 669 1521 hebet
686 1467 730 1521 vel
748 1469 876 1536 tempore
890 1471 1053 1522 contractus

182 1553 297 1616 habuit,
314 1553 384 1608 licet
399 1553 455 1607 hoe
471 1556 574 1622 posteo
592 1553 781 1615 transtulerit,
799 1552 841 1607 ibi
859 1555 970 1608 tentum
989 1570 1052 1609 eum

183 1637 330 1694 conveniri
349 1641 470 1708 oportet.
507 1639 570 1692 M
593 1640 619 1692 C.
637 1641 781 1704 dejurisd.
801 1647 824 1701 8,
846 1645 884 1692 18.

235 1724 299 1779 Non
316 1741 380 1778 reus
399 1724 511 1788 actoris,
532 1724 582 1778 sed
601 1727 681 1778 ector
698 1723 740 1778 rei
756 1724 847 1778 forum
866 1723 1001 1792 sequitur.

234 1811 322 1864 Actor
333 1809 374 1865 rei
385 1810 477 1864 forum
490 1809 624 1878 sequitur.
654 1811 683 1864 L.
697 1817 711 1864 3
728 1811 754 1863 0.
766 1811 811 1862 obt
821 1813 848 1862 in
861 1827 916 1863 rom
925 1827 949 1863 a.
969 1818 992 1873 3,
1013 1817 1053 1864 19.

235 1895 323 1951 Extra
340 1894 511 1952 territorium
528 1894 572 1949 ius
591 1895 697 1950 dicenti
717 1895 832 1964 impune
855 1912 911 1949 non
928 1898 1054 1963 paretur.
1093 1930 1098 1944 .

498 1981 632 2036 Pennus:
651 1983 668 2034 1.
687 1981 771 2036 201).
790 1983 823 2034 de
831 1981 934 2048 jurisd.
952 1987 977 2044 2,
997 1987 1019 2034 1.

235 2065 324 2121 Iudex
342 2068 422 2122 extre
439 2065 610 2123 territorium
628 2068 672 2120 est
689 2066 823 2135 privetur.
875 2123 877 2129 ,

234 2151 326 2206 Indici
343 2151 547 2222 incompetenti
563 2151 679 2221 impune
697 2169 754 2206 non
771 2153 894 2220 peretur,

235 2236 290 2302 Qui
316 2254 346 2292 ee
373 2237 474 2291 iudicis
500 2237 719 2307 incompetentis
748 2235 937 2291 iurisdictioni
966 2235 1054 2290 semel

181 2322 314 2385 subiecit,
331 2322 407 2376 illius
425 2323 650 2378 iurisdictionem
668 2339 823 2392 agnoscere
842 2321 921 2376 videt
956 2362 962 2375 .

234 2406 354 2461 Factum
372 2426 390 2462 e
406 2408 513 2473 indice,
537 2409 614 2478 quod
637 2408 674 2462 ed
692 2407 815 2463 officium
834 2407 894 2461 eius
914 2423 972 2460 non
989 2423 1052 2475 per·

181 2492 267 2556 tinet,
294 2496 387 2549 retum
412 2512 469 2549 non
497 2498 547 2549 eet.
582 2495 716 2548 Pinus:
744 2489 760 2547 l.
791 2501 838 2548 170
861 2495 895 2548 D.
918 2495 950 2546 de
973 2493 1008 2548 R.
1029 2493 1054 2545 J.

918 2587 959 2642 50,
979 2587 1019 2634 17.

234 2663 323 2720 Iudex
340 2665 377 2718 ed
395 2668 502 2720 certem
519 2683 580 2720 rem
598 2666 692 2730 deine,
711 2667 735 2722 ei
753 2667 789 2720 de
808 2665 870 2719 eliis
887 2664 1052 2733 pronuntio-

180 2751 231 2816 vit,
250 2769 336 2820 quum
354 2751 431 2820 quod
448 2751 485 2805 ed
503 2767 566 2806 eom
583 2769 643 2806 rem
660 2752 791 2821 pertinet,
809 2751 881 2805 nihil
894 2749 961 2820 egit.
990 2750 1019 2803 t.
1040 2756 1052 2802 1

642 2839 668 2891 O.
686 2839 712 2890 ri
728 2853 745 2890 o
762 2854 813 2890 non
831 2852 914 2904 comp.
934 2844 957 2898 7,
975 2843 1019 2891 48.

232 2923 296 2978 Non
313 2927 409 2994 potest
426 2923 515 2978 videri
532 2923 563 2977 in
573 2922 709 2978 iudicium
721 2922 832 2977 venisse
844 2921 882 2984 id,
901 2919 977 2990 quod
988 2922 1058 2989 post
