2590 3546
621 324 681 390 152

265 494 303 548 Vi
320 493 447 548 deiectus
464 492 584 558 videtur,
606 495 636 548 et
653 492 701 561 qui
718 492 748 546 iu
765 491 883 562 praedio
901 491 1046 546 retinetur.
1093 543 1098 553 ,

711 575 793 630 Pauli
809 574 882 632 Sene.
906 578 1045 646 V,6§s.

266 663 331 718 Vim
348 663 377 718 vi
395 663 546 719 defendere
566 680 662 718 omnes
680 664 759 732 leges
778 663 929 732 omniaque
947 661 1083 732 iuraper·

215 748 340 804 mittunt.
376 749 508 802 PAULUS:
528 752 545 804 l.
564 757 596 804 45
616 751 632 818 5
651 757 668 803 4
687 751 718 804 D.
739 752 774 802 ad
790 751 839 816 lep.
859 751 946 816 Apud.
965 755 989 810 9,
1007 755 1030 802 2.

267 835 333 889 Vim
350 835 379 889 vi
396 835 533 904 repellere
551 835 628 890 lieet.
658 835 858 888 Uerminae.
881 843 890 888 1
913 835 929 903 ξ
949 841 981 888 27
1002 834 1032 886 1).
1051 835 1085 887 de
1160 871 1164 875 -

779 915 784 922 ¹
905 921 931 972 oi
946 927 988 982 43,
1011 927 1048 974 16.

268 1006 323 1072 Qui
340 1005 397 1059 vim
414 1006 490 1070 facit,
509 1006 574 1060 dolo
592 1005 667 1059 malo
686 1005 761 1059 faoit.

267 1091 468 1155 Venditiones‚
491 1089 673 1154 donationes,
696 1089 917 1156 transactiones,
941 1107 1014 1158 quae
1032 1106 1086 1160 per

217 1177 376 1247 potentiam
395 1180 522 1231 extortae
540 1177 613 1240 suut,
632 1175 822 1245 praecipimus
839 1175 995 1252 infirmari..
1009 1177 1037 1228 L.
1052 1183 1084 1230 12

675 1263 701 1315 O.
720 1264 752 1315 de
770 1263 820 1322 lis,
838 1278 904 1330 quoe
922 1264 948 1315 vi
965 1268 989 1326 2,
1007 1269 1049 1316 20.

269 1347 312 1402 Ex
329 1365 364 1402 ea
382 1348 577 1418 stipulatione,
596 1363 668 1415 quae
687 1363 738 1417 per
756 1346 812 1401 vim
830 1349 940 1401 extorta
958 1350 1041 1411 esset,
1061 1345 1086 1399 si
1149 1352 1152 1358 '

218 1436 319 1490 exacta
337 1437 413 1489 esset
430 1434 559 1504 pecunia,
578 1433 776 1502 repetitionem
795 1451 857 1488 esse
876 1437 995 1488 constat.

308 1521 493 1574 POMPONIUS:
512 1521 528 1574 l.
542 1528 556 1572 7
575 1521 609 1573 Ι).
623 1522 656 1574 de
668 1523 776 1574 condiet.
790 1521 820 1573 ob
832 1525 903 1588 lurp.
915 1536 988 1574 eous.
1007 1527 1047 1584 12,
1061 1527 1085 1575 5.

271 1607 299 1662 Si
328 1607 363 1662 de
386 1607 415 1661 vi
437 1610 466 1661 et
487 1605 670 1675 possessione
693 1608 857 1673 quaeratur,
880 1605 958 1674 prius
982 1622 1084 1674 cogno-

220 1693 355 1747 scendum
374 1696 419 1747 est
437 1692 472 1745 de
489 1690 518 1745 vi
536 1709 621 1759 quam
640 1691 675 1745 de
693 1691 870 1761 proprietate
883 1691 931 1746 rei.

412 1778 650 1832 clamaremus:
670 1780 687 1841 1,
707 1786 738 1832 37
757 1779 791 1830 D.
810 1779 843 1830 de
852 1778 966 1844 judiciis
985 1784 1007 1840 5,
1028 1785 1051 1830 1.

167 1901 168 1904 =
271 1864 414 1934 Spoliatus
434 1867 500 1918 ante
520 1863 616 1918 omnia
633 1863 832 1918 restituendus.

272 1950 399 2019 Spolium
418 1949 477 2003 siue
496 1948 677 2018 possessione
695 1965 752 2002 non
771 1947 964 2003 committitur.

481 2126 660 2184 Vitiosum.
690 2127 826 2183 Inutile.

274 2239 355 2305 Quod
373 2237 453 2293 initio
471 2238 605 2292 vitiosum
623 2240 675 2301 est,
693 2255 750 2291 non
768 2240 864 2307 potest
875 2239 969 2291 tractu
980 2240 1088 2306 tempo·

101 2385 108 2397 .
220 2326 259 2380 ris
278 2324 485 2379 convalescere.
518 2323 638 2394 [Regula
655 2322 829 2394 Catoniana]
866 2321 1000 2375 PAULUS:
1019 2325 1036 2374 l.
1055 2329 1089 2377 29

755 2409 787 2462 D.
805 2411 839 2461 de
857 2409 890 2462 R.
908 2408 934 2461 J.
953 2416 994 2470 50,
1014 2415 1053 2461 17.

274 2494 355 2560 Quod
372 2511 429 2549 non
447 2493 500 2548 rite
518 2494 625 2548 factum
645 2496 696 2556 est,
714 2510 765 2563 pro
784 2493 889 2548 infecto
908 2493 996 2547 habet
1030 2533 1036 2546 .

273 2581 352 2634 Idem
370 2583 488 2635 estnon
506 2579 599 2632 faeere
619 2582 648 2632 et
664 2595 722 2632 nou
739 2577 865 2648 legitime
883 2579 985 2632 faeere.

272 2665 349 2720 Utile
367 2683 425 2719 non
443 2665 529 2719 debet
545 2681 597 2733 per
613 2663 712 2718 inutile
731 2663 831 2718 vitiari.
867 2681 889 2717 o.
908 2672 939 2719 37
962 2667 994 2717 de
1013 2665 1046 2719 R.
1064 2663 1089 2716 J.

865 2752 1053 2813 mmmm

294 2930 472 2984 Voluntas.
504 2928 706 2985 consensus.
736 2928 878 2985 Invitus.
909 2928 1019 2983 Nolle.

275 3039 441 3094 Consentire
459 3038 601 3103 dicuntur,
619 3038 721 3106 quibus
739 3039 815 3093 idem
832 3039 936 3108 placet.
