2666 3560
669 289 728 352 118

615 465 776 521 Pretium.

314 575 411 630 Pretia
428 592 521 630 rerum
539 593 597 630 non
614 593 649 630 ex
667 575 816 630 affcctione
835 592 888 629 nec
901 574 1025 629 utilitate
1040 573 1138 642 singu·

262 661 362 723 lorum,
381 661 432 714 sed
450 661 635 716 communiter
652 661 813 731 funguntur.
849 661 983 714 Planus:
1012 663 1028 713 l.
1048 666 1080 714 63
1101 660 1136 712 D.

797 749 833 800 ad
849 748 899 813 leq.
919 746 996 800 Folo.
1016 751 1057 806 35,
1077 752 1101 798 2.

315 831 412 885 Pretia
437 849 530 886 rerum
556 850 613 887 non
642 850 675 887 ex
704 831 857 887 affectione
887 847 979 899 neque
1010 829 1136 885 utilitate

264 915 441 985 singulorum
459 918 509 971 sed
528 935 562 972 ex
585 918 727 972 communi
749 918 845 972 valore
865 915 1043 971 aestimanda
1061 917 1136 969 sunt

609 1045 782 1115 Princeps.

315 1153 451 1224 Pn‘nceps
474 1155 584 1226 legibus
604 1156 713 1210 solutus
733 1160 784 1210 est.
820 1155 987 1208 ULPIANUS:
1014 1157 1031 1208 I.
1051 1160 1082 1208 31
1103 1155 1138 1207 1).

896 1245 929 1294 de
947 1243 1013 1309 lopo.
1035 1250 1057 1304 1,
1077 1247 1101 1294 3.

315 1321 408 1391 Digna
420 1339 474 1376 vox
487 1325 530 1376 est
541 1323 692 1378 maiestate
705 1324 850 1394 regnantis
864 1323 977 1392 legibus
988 1323 1140 1394 alligatum

266 1421 296 1460 se
314 1405 472 1477 principem
490 1407 622 1477 profiteri.
659 1410 688 1461 l.
707 1417 723 1462 4
745 1411 771 1467 O.
789 1412 823 1462 de
840 1411 908 1476 ²099·
927 1416 950 1470 1,
972 1417 1010 1463 14.

453 1534 657 1602 Principale.
689 1536 940 1592 Accessorium.

318 1643 387 1698 Cum
406 1643 570 1713 principalis
590 1662 677 1700 causa
689 1663 747 1700 non
760 1645 899 1709 consistit,
917 1662 953 1700 nc
967 1645 1139 1714 ecquidem,

265 1746 339 1798 quae
363 1733 530 1797 sequuntur,
553 1731 647 1784 locum
668 1730 784 1786 habent.
820 1731 951 1784 Pinnos:
978 1734 1065 1786 l.129
1086 1733 1137 1800 §1

521 1817 554 1869 D.
573 1818 606 1869 de
624 1818 657 1870 R.
675 1817 700 1870 J.
719 1825 759 1879 50,
782 1825 811 1870 17
831 1820 885 1885 (cf.
904 1821 922 1874 l.
943 1825 992 1873 178
1011 1818 1102 1882 ibina

318 1899 396 1965 Quae
424 1900 617 1954 accessionum
637 1902 733 1956 locum
756 1902 898 1966 obtinent,
927 1902 1139 1971 extinguuntur,

265 2001 331 2038 cum
348 1984 520 2056 principales
539 2003 583 2040 res
601 1991 746 2056 peremtas
766 1987 880 2042 fueiint.
911 1987 1018 2042 GAIUS:
1038 1989 1056 2041 Ι.
1076 1989 1140 2042 cl).

795 2075 827 2126 de
843 2076 930 2141 pecul.
948 2075 999 2140 lep.
1018 2080 1060 2134 33,
1080 2079 1104 2135 8,

319 2154 516 2209 Accessorium
541 2158 671 2210 naturam
698 2158 779 2226 sequi
806 2159 938 2228 congruit
958 2157 1140 2227 principalis.

668 2259 689 2296 c.
708 2251 741 2296 42
760 2246 793 2296 dc
811 2244 845 2295 B.
865 2244 890 2296 J.
910 2247 936 2296 in
955 2249 998 2298 620
1018 2251 1042 2307 5,
1064 2250 1104 2298 12.

318 2323 516 2378 Accessorium
534 2327 658 2394 sequitur
677 2345 758 2381 suum
775 2327 944 2397 principale.

318 2407 382 2462 Non
399 2409 461 2476 plus
479 2410 509 2464 in
527 2413 691 2467 accessione
712 2416 810 2482 potest
828 2431 891 2468 csse
911 2430 996 2482 quam
1014 2414 1045 2467 in
1062 2413 1142 2484 prin·

267 2491 355 2560 cipali
374 2493 554 2562 obligatione.

491 2638 627 2695 Privati.
659 2643 726 2698 Res
747 2641 908 2709 privatae.

318 2745 495 2801 Privatorum
523 2750 672 2818 conventio
700 2752 754 2805 iuri
780 2753 897 2821 publico
925 2770 983 2807 non
1011 2752 1140 2822 derogat

459 2833 623 2888 Unrmncs:
642 2839 659 2890 l.
678 2844 710 2890 45
730 2838 746 2905 5
768 2845 780 2890 1
800 2838 834 2891 D.
853 2841 886 2891 de
904 2839 939 2894 R.
957 2839 984 2895 J.
1003 2845 1044 2900 50,
1066 2845 1106 2892 17.

320 2918 365 2969 lus
384 2919 528 2986 publicum
545 2919 720 2988 privatorum
737 2921 830 2990 pactis
844 2923 951 2976 mut-ari
964 2940 1022 2978 non
1033 2915 1141 2992 potest.

511 3004 708 3061 Plrinnnnns:
726 3007 742 3059 1.
761 3013 793 3061 38
812 3007 846 3060 D.
865 3009 1003 3076 depactis
1022 3015 1045 3070 t,
1066 3016 1106 3061 14.
