2698 3558
699 332 740 396 48

335 500 466 555 Auctoris
494 499 575 554 dolus
603 498 704 553 emtori
730 515 787 553 non
815 497 954 552 obiicitur.
990 495 1162 550 Uinnius:

501 586 518 638 l.
536 591 553 638 4
572 584 589 652 ᾖ
609 590 638 638 81
660 584 693 636 Ι).
712 586 745 637 de
762 586 817 637 doli
833 584 897 636 muli
914 587 1019 649 except.
1038 588 1080 643 44,
1099 586 1125 632 4.

334 671 464 726 Perfecto
481 669 605 724 emtione
622 669 780 738 perieulum
797 668 834 721 sd
857 671 995 722 emtorom
1015 664 1162 734 respiciet.

501 755 636 809 Pnonus:
654 757 671 808 I.
689 761 765 822 Spr.
785 755 816 808 D.
837 754 871 808 de
889 752 1018 822 periculo
1040 759 1079 814 18,
1100 757 1124 805 6.

539 900 653 955 Error.
696 899 903 967 Ignorantia.

334 992 420 1048 Error
440 993 620 1064 [ignorantia]
640 992 708 1046 iuris
726 996 819 1056 nooet,
837 993 907 1046 fecti
922 985 983 1046 ¹non
1000 994 1094 1046 nocet.

427 1079 561 1135 Pennus:
580 1082 597 1132 l.
617 1086 692 1145 epr.
712 1079 745 1133 1).
763 1081 796 1132 de
806 1082 831 1144 j.
851 1077 915 1144 ets.
935 1080 1018 1144 iquor.
1039 1083 1080 1139 22,
1101 1082 1125 1130 6.

335 1165 500 1234 Ignorantia
516 1162 597 1227 faeti,
615 1180 673 1216 non
691 1163 758 1216 iuris
777 1166 900 1217 excuset.
935 1178 958 1215 o.
978 1169 1009 1216 13
1028 1164 1062 1215 de
1080 1162 1115 1214 B.
1135 1160 1162 1214 J.

930 1250 957 1300 in
976 1253 1018 1302 610
1038 1254 1061 1310 5,
1082 1254 1124 1300 12.

335 1334 406 1388 Iuris
426 1350 502 1388 error
519 1333 590 1386 nulli
601 1332 724 1402 prodest.
755 1333 889 1390 Pinnos:
907 1335 924 1386 1.
944 1341 960 1387 2
979 1334 997 1401 ᾗ
1018 1341 1049 1388 16
1063 1333 1096 1386 D.
1105 1345 1163 1399 pro

917 1425 1019 1472 emtore
1036 1425 1078 1480 41,
1099 1426 1124 1470 4.

336 1503 408 1556 Iuris
429 1501 590 1572 ignorantia
611 1518 669 1555 non
691 1502 809 1572 prodest
826 1502 972 1571 acquirere
990 1501 1164 1563 volentibus

284 1604 365 1642 suum
383 1604 450 1641 vero
468 1585 630 1656 petentibus
648 1603 705 1642 non
722 1591 815 1642 nocet.
846 1587 1047 1643 permissos:
1067 1590 1083 1641 l.
1098 1595 1112 1642 1
1128 1588 1164 1640 D.

763 1675 796 1726 de
805 1675 831 1738 j.
850 1678 877 1725 et
890 1672 916 1738 f.
934 1676 1019 1740 tenor.
1038 1680 1080 1735 22,
1101 1679 1125 1726 6.

306 1772 308 1777 ·
337 1756 474 1811 Omnibus
492 1756 559 1810 iuris
578 1773 655 1810 error
671 1757 702 1810 in
720 1757 829 1810 domnis
848 1757 1022 1813 amittendae
1037 1757 1079 1812 rei
1092 1774 1164 1812 suae

284 1858 342 1896 non
358 1844 451 1896 nocet.
486 1841 684 1896 PAPmlormst
703 1844 719 1894 1.
739 1849 754 1897 8
773 1843 806 1896 Ι).
825 1845 858 1896 de
865 1846 892 1909 j.
910 1841 970 1910 ets.
984 1847 1068 1911 ἕρπον.
1082 1850 1125 1906 22,
1141 1850 1166 1897 6.

336 1926 426 1980 Nemo
451 1942 546 1980 errans
568 1942 628 1980 rem
649 1943 729 1980 suum
747 1926 859 1981 amittit.
894 1927 1064 1985 omnisne:
1086 1930 1104 1982 l.
1130 1935 1165 1982 35

659 2012 691 2063 Ι).
710 2014 743 2064 de
760 2015 860 2078 acquir.
880 2029 934 2066 rer.
953 2015 1021 2068 dom.
1039 2021 1082 2074 41,
1104 2022 1127 2067 1.

336 2094 485 2164 Ignorunti
501 2110 558 2148 non
577 2093 662 2148 currit
677 2090 798 2164 tempus.

337 2177 445 2232 Erroris
468 2178 610 2232 fideiussio
633 2180 711 2233 nullu
733 2183 783 2234 est.
819 2181 955 2238 Pronus:
978 2186 996 2237 1.
1020 2184 1107 2238 311).
1132 2186 1168 2238 de

895 2268 1017 2336 fidejuss.
1039 2275 1082 2332 46,
1104 2277 1129 2323 1.

338 2346 420 2412 Quod
436 2346 595 2402 indebitum
616 2364 668 2416 per
691 2365 812 2402 errorem
835 2351 967 2416 solvitur,
991 2355 1043 2406 aut
1064 2352 1169 2422 ipsum

284 2434 337 2485 sut
354 2431 522 2486 tantundem
539 2432 686 2502 repetitur.
722 2433 908 2490 POMPONIUS:
927 2439 945 2490 l.
965 2447 978 2491 7
999 2439 1032 2491 Ι).
1051 2441 1086 2491 de
1104 2455 1169 2492 oon·

856 2523 917 2576 dict.
937 2524 1020 2576 iudet.
1042 2530 1083 2586 12,
1105 2531 1130 2578 6.

230 2655 231 2658 ,
338 2600 409 2654 Cum
427 2603 489 2668 quis
508 2601 552 2656 ius
570 2602 703 2672 ignorans
719 2603 878 2660 indebitum
895 2607 1050 2676 pecuniam
1069 2609 1169 2673 solvit,

286 2687 382 2739 oessst
399 2685 540 2755 repetitio.
577 2689 606 2742 L
627 2696 658 2742 10
681 2691 707 2743 6.
726 2691 759 2742 de
768 2693 793 2755 j.
813 2695 839 2743 et
852 2689 878 2758 f.
897 2694 982 2759 ἕρπον.
1004 2703 1026 2756 1,
1047 2700 1088 2750 18.

338 2767 401 2823 Non
418 2769 531 2836 fatetur,
551 2772 600 2840 qui
618 2776 702 2836 errat,
721 2773 776 2826 nisi
793 2773 838 2828 ius
855 2775 1008 2844 ignoravit.

528 2855 696 2910 Uinnius:
715 2860 731 2910 l.
753 2865 768 2912 2
788 2858 820 2913 D.
839 2861 872 2914 de
890 2865 1022 2931 confessis
1041 2871 1084 2927 42,
1104 2872 1132 2920 2.

338 2936 423 2994 Error
448 2939 517 2994 fuoti
542 2940 664 2995 necdum
690 2941 770 2996 finito
797 2945 914 3012 negotio
936 2947 1045 3002 nemini
1067 2953 1169 3004 nocet

637 3027 700 3081 Li
723 3027 749 3079 0.
768 3029 835 3094 dej.
854 3030 919 3097 etl.
938 3035 1024 3100 tenor.
1044 3042 1067 3097 l,
1089 3041 1123 3090 18
