2666 3560
606 420 667 482 101

200 587 304 656 quaeri
321 587 439 642 adsolet.
474 587 672 642 Parumne:
694 589 711 640 l.
728 594 760 642 46
780 588 812 641 D.
831 589 864 640 de
882 589 1071 654 acquantum.

856 690 930 742 poso.
948 683 990 737 41,
1010 682 1033 728 2.

252 758 323 814 Fere
351 758 565 828 quibuscunque
591 759 682 814 modis
713 758 882 828 obligamur,
911 761 1011 816 iisdem
1039 760 1071 814 in

199 845 376 900 contrarium
393 846 464 899 actis
482 846 641 900 liberamur.
676 846 810 899 PAULUS:
828 848 845 899 l.
867 853 913 900 153
932 847 965 900 D.
984 849 1017 900 dc
1038 848 1069 900 R.

889 932 915 986 J.
933 939 973 995 50,
994 940 1034 987 ll.

253 1016 413 1071 Verborum
436 1016 572 1086 obligatio
594 1018 687 1072 verbis
710 1017 826 1073 tollitur.
862 1019 1027 1072 Unrmnus:
1051 1019 1070 1070 l.

682 1111 715 1158 35
734 1105 766 1156 D.
785 1107 818 1156 de
836 1105 870 1159 R.
888 1104 913 1158 J.
932 1111 973 1167 50,
994 1113 1033 1158 17.

254 1187 331 1242 Nudi
355 1205 508 1243 consensus
532 1187 668 1258 obligatio
692 1189 832 1243 contrario
855 1206 996 1244 consensu
1014 1188 1070 1242 dis·

203 1272 331 1328 solvitur.
368 1273 532 1327 ULPIANUS:
551 1276 567 1328 l.
587 1283 619 1330 35
640 1276 671 1328 D.
690 1278 722 1328 de
740 1276 773 1328 R.
792 1275 817 1328 J.
836 1281 876 1338 50,
896 1283 936 1328 17.

253 1359 375 1414 Tollitur
392 1361 482 1414 omnis
501 1360 637 1430 obligatio
651 1359 791 1414 solutione
804 1359 873 1424 eius,
892 1360 968 1428 quod
986 1359 1070 1414 debe·

199 1448 255 1498 tur.
293 1447 310 1513 ἓ
330 1456 343 1500 1
363 1446 387 1500 J.
406 1443 473 1513 quib.
492 1449 558 1500 mod.
575 1449 630 1500 toll.
648 1447 723 1513 obliq.
742 1454 766 1508 3,
785 1453 825 1501 30.

253 1529 436 1600 Extinguitnr
455 1531 605 1601 obligatio,
629 1531 703 1584 siin
725 1549 789 1585 eum
811 1548 909 1585 casum
930 1529 1070 1596 inciderit,

201 1633 219 1668 a
238 1633 294 1684 quo
312 1617 436 1686 incipere
454 1634 512 1671 non
528 1618 632 1686 potest.
659 1617 792 1670 Pinnos:
811 1620 828 1670 1.
847 1623 896 1670 140
915 1617 932 1683 ξ
951 1617 1018 1670 21).
1037 1619 1071 1669 de

852 1702 879 1755 V.
903 1702 1034 1771 0.45,1.

253 1786 331 1853 Quae
340 1785 378 1840 ‘in
396 1805 460 1842 eam
479 1803 594 1841 causam
611 1790 811 1857 pervenerunt,
836 1805 853 1842 a
871 1804 928 1855 qua
944 1786 1070 1855 incipere

203 1890 262 1927 non
279 1875 420 1943 poterant,
438 1889 489 1942 pro
508 1889 565 1926 non
579 1871 689 1941 scriptis
702 1873 848 1927 habentur.
878 1873 1068 1926 MAROIANUS:

488 1961 505 2016 l.
524 1965 539 2012 3
558 1957 575 2026 ξ
595 1965 609 2010 2
628 1960 661 2012 1).
679 1961 712 2012 de
729 1959 778 2026 lis,
796 1975 864 2025 quac
880 1973 931 2011 non
949 1965 990 2021 34,
1009 1964 1032 2011 8.

536 2119 732 2186 occupatio.

252 2229 334 2296 Quod
359 2229 464 2284 nullius
492 2233 548 2293 est,
577 2229 607 2282 id
632 2230 754 2283 naturali
779 2231 889 2284 ratione
917 2230 1070 2300 occupanti

202 2315 377 2370 conceditur.
414 2315 519 2369 Gnros:
547 2318 564 2370 l.
584 2323 598 2369 3
617 2331 664 2383 pr.
683 2317 716 2373 D.
739 2319 772 2370 dc
798 2320 898 2384 acquir.
925 2333 980 2369 rer.
1002 2318 1068 2369 dom.

948 2410 990 2465 41,
1011 2410 1033 2455 1.

251 2485 308 2539 Res
326 2485 431 2540 nullius
451 2485 527 2540 cedit
544 2487 702 2555 occupanti.

253 2571 283 2624 Si
301 2589 346 2624 res
364 2587 415 2640 pro
434 2571 570 2626 derelicto
589 2571 686 2626 habita
704 2573 752 2637 sit,
776 2572 872 2626 statim
889 2574 987 2626 nostra
1005 2587 1068 2625 esse

199 2655 306 2711 desinit
332 2659 361 2710 et
387 2657 551 2725 occupantis
580 2657 676 2711 statim
701 2657 747 2725 fit,
775 2658 940 2711 Unmnns:
964 2659 981 2710 l.
1001 2665 1014 2710 1
1034 2656 1068 2709 D.

731 2759 786 2810 pro
803 2746 931 2797 derelicto
948 2751 990 2805 41,
1010 2751 1033 2795 7.

550 2869 718 2925 Officium.

250 2978 382 3049 Iniquum
392 2982 436 3034 est
445 2979 611 3034 damnosum
624 2997 686 3034 esse
700 2981 829 3050 'cuiquam
842 2981 965 3036 officium
978 2998 1069 3036 suum.

422 3065 528 3120 Gaas:
549 3068 566 3118 l.
586 3074 600 3120 7
619 3068 652 3120 1).
671 3072 771 3121 tostam.
789 3069 930 3134 quemnam.
949 3074 991 3131 29,
1009 3073 1032 3120 3.

251 3149 346 3204 Finito
366 3146 456 3205 officio
476 3154 590 3205 cessant
607 3169 693 3206 onera
711 3151 803 3207 officii.
