2666 3560
682 292 742 356 148

278 476 332 514 nec
344 459 421 529 quod
434 459 519 514 debet
530 458 708 521 universitas,
727 458 832 528 singuli
843 459 955 514 debent
977 460 1149 514 Unrmuus:

573 547 591 598 1.
611 553 625 597 1
645 546 662 613 5
681 553 696 598 2
713 546 747 598 D.
765 548 834 612 quod
850 550 1024 613 cujuscunque
1043 554 1066 608 3,
1085 556 1110 600 4.
1131 543 1136 550 ’

329 633 504 686 Universitas
523 630 685 699 delinquere
703 631 810 699 nequit.

328 716 502 772 Universitas
521 734 615 771 rerum
633 720 685 779 est,
704 734 777 784 quae
792 733 826 771 ex
839 717 1009 772 distantibus
1022 722 1146 782 constat,

276 806 310 858 ut
328 820 448 873 corpora
464 803 547 872 plura
564 819 622 856 uon
640 803 740 866 soluta
760 802 809 857 scd
828 802 876 857 uni
888 802 995 856 nomini
1007 803 1145 858 subiecta.

458 889 645 943 POMPONIUS:
664 890 682 941 l.
701 896 733 943 30
746 905 793 956 pr.
812 890 844 942 D.
863 891 896 942 de
913 905 1004 956 usurp.
1023 897 1065 952 41,
1085 897 1108 944 3.

327 974 458 1031 Neratius
480 974 593 1028 Priscus
615 977 672 1028 tres
694 975 788 1029 facere
815 973 958 1029 existimat
984 975 1145 1044 collegium.

505 1061 700 1113 Musonium:
720 1063 736 1115 l.
755 1067 787 1115 85
806 1061 839 1114 D.
858 1062 891 1114 de
913 1060 941 1114 V.
960 1059 987 1114 S.
1006 1067 1046 1122 50,
1068 1067 1107 1114 16.

638 1206 779 1261 Usurae.

326 1317 434 1372 Usurae
453 1316 545 1370 vicem
562 1316 685 1370 fructum
703 1315 833 1369 obtinent
851 1317 880 1369 et
897 1313 999 1369 merito
1018 1331 1076 1369 non
1092 1314 1140 1368 de-

272 1402 343 1457 bent
369 1420 386 1456 a
411 1402 549 1457 frnalibus
577 1401 709 1470 separari.
753 1401 917 1456 Unrnuus:
946 1403 962 1454 l.
990 1407 1022 1454 34
1050 1401 1083 1454 D.
1109 1402 1145 1453 de

911 1488 1002 1538 usuris
1020 1493 1061 1549 22,
1082 1493 1105 1540 l.

324 1572 416 1626 Usura
433 1589 490 1626 non
509 1574 611 1627 natura
627 1572 764 1642 pervenit,
782 1572 833 1626 sed
849 1571 910 1626 iure
927 1571 1089 1641 percipitur.

528 1657 760 1711 Psnmmuuszl.
781 1658 967 1712 62123112.
992 1658 1018 1711 V.
1039 1665 1062 1722 6,
1083 1665 1105 1710 1.

326 1742 388 1798 Lite
401 1744 561 1798 contestata
572 1762 674 1799 usurae
688 1748 810 1798 currunt.
832 1745 967 1798 Pnunus:
986 1746 1003 1797 l.
1017 1752 1049 1799 35
1062 1745 1095 1798 D.
1107 1747 1144 1799 de

911 1833 1002 1883 usuris
1020 1838 1060 1894 22,
1083 1839 1105 1884 l.

323 1910 356 1965 ln
374 1913 466 1967 bonae
485 1913 551 1968 fidoi
569 1916 760 1970 contractibus
780 1933 814 1970 ex
826 1934 905 1971 mora
917 1933 1020 1972 usurae
1034 1918 1139 1972 deben-

270 1998 324 2049 tur.
359 1998 550 2051 MARGIANUS:
569 2002 585 2054 l.
607 2007 638 2054 32
658 2003 675 2069 5
694 2009 709 2055 2
728 2004 761 2055 1).
779 2005 919 2055 decoraris
938 2011 978 2066 22,
1002 2015 1021 2058 1.

323 2079 514 2137 liberalitatis
536 2083 565 2136 in
587 2087 811 2155 rempublicam
838 2088 931 2143 factae
955 2106 1057 2144 usurae
1080 2107 1140 2144 non

270 2162 426 2230 exiguntur.
461 2167 595 2222 Pronus:
614 2173 630 2224 l.
651 2180 681 2226 16
695 2189 741 2239 pr.
761 2174 793 2227 D.
812 2176 845 2226 de
863 2177 953 2227 usuris
972 2182 1012 2236 22,
1034 2185 1056 2230 1.

320 2248 404 2302 Nullo
427 2252 511 2306 modo
534 2253 602 2308 licet
624 2257 756 2324 cuiquam
778 2277 879 2314 usuras
902 2261 1049 2329 praeteriti
1066 2265 1139 2316 tem·

268 2331 345 2400 poris
365 2334 410 2388 vel
427 2336 515 2390 futuri
532 2338 561 2391 in
584 2345 688 2396 sortem
710 2343 838 2413 redigere
863 2348 892 2400 et
914 2362 1010 2400 earum
1032 2347 1139 2401 iterum

269 2432 366 2471 usuras
386 2420 520 2490 stipulari.
558 2427 585 2480 t.
606 2435 637 2482 28
660 2431 945 2494 coemuranae.

320 2502 424 2558 Usuras
437 2505 550 2563 illicitas
564 2512 633 2566 sorti
644 2513 745 2569 mixtas
758 2516 836 2585 ipsas
847 2519 959 2571 tantum
967 2535 1025 2572 non
1038 2520 1139 2576 deberi

267 2589 392 2652 constat,
416 2595 540 2647 cetemm
562 2600 666 2652 sortem
684 2618 741 2654 non
760 2601 867 2657 vitiare.
902 2605 1036 2658 Pronus:
1064 2609 1082 2660 l.
1102 2615 1139 2662 20

802 2689 836 2741 D.
856 2691 997 2744 docearis
1015 2700 1056 2755 22,
1078 2701 1099 2747 1.

600 2828 793 2896 Usurpatio.

317 2925 471 2997 Usurpatio
499 2937 542 2988 est
568 2940 748 3008 usucapionis
775 2943 953 3016 interruptio.
998 2949 1136 3006 Pronus:

727 3030 745 3081 1.
765 3036 779 3082 2
798 3031 831 3083 Ι).
850 3034 883 3109 cie
899 3050 993 3102 usrrrp.
1011 3039 1053 3099 41,
1074 3045 1097 3092 3.
