2698 3558
680 347 698 409 ‘a'

304 514 468 568 Incendium
487 529 551 568 aere
570 513 663 568 alieno
680 530 738 567 non
756 511 834 567 exuit
852 512 1017 567 debitorem.

644 599 673 653 l.
694 606 722 653 11
747 599 773 652 C.
791 600 817 651 ci
833 603 932 653 certam
944 604 1001 667 pet.
1020 606 1044 660 4,
1064 605 1088 653 2.

580 760 793 816 aestimatio.

305 870 418 925 Infinita
436 871 596 926 aestimatio
616 874 661 926 est
677 870 817 926 libertatis
841 874 870 925 et
893 870 1121 926 necessitudinis.

464 956 631 1010 Punicae.
652 961 736 1023 1165
758 967 769 1012 1
790 958 822 1010 D.
841 958 873 1011 de
892 958 924 1010 R.
943 957 968 1011 J.
988 964 1028 1018 50,
1050 966 1088 1012 ιτ.

304 1043 436 1098 Liberum
455 1059 555 1114 corpus
569 1042 797 1098 aestimationem
810 1059 866 1097 non
877 1042 987 1112 recipit.
1015 1041 1120 1096 Gaius:

647 1130 664 1181 1.
683 1135 698 1183 3
717 1129 750 1183 J).
769 1131 795 1181 ei
810 1131 903 1196 quadr.
918 1144 1001 1197 paup.
1022 1135 1045 1191 9,
1067 1138 1088 1183 1.

304 1215 336 1268 In
361 1214 474 1269 homine
501 1213 590 1268 libero
617 1213 696 1269 nulla
723 1212 846 1284 conponis
874 1214 1036 1276 aestimatio
1063 1213 1123 1268 fieri
1227 1277 1229 1282 Ι

252 1302 356 1368 potest.
392 1299 554 1354 Uenatus:
574 1301 590 1355 1.
611 1307 624 1354 1
643 1303 662 1366 §
681 1308 695 1355 5
715 1301 747 1353 I).
766 1302 799 1353 dc
816 1301 865 1360 tia,
883 1303 929 1366 qni
945 1302 1025 1370 effad.
1044 1306 1067 1363 9,
1087 1308 1110 1354 3.

303 1385 359 1440 Res
383 1401 464 1439 sacra
485 1401 543 1439 non
563 1382 666 1454 recipit
688 1383 924 1439 aestimationem.
959 1384 1121 1438 Uiuianus:

610 1471 627 1524 1.
646 1477 661 1525 9
680 1475 698 1535 ἕ
717 1477 731 1524 5
751 1470 784 1523 Ι).
801 1472 834 1523 dc
852 1472 926 1524 dicia.
945 1486 1000 1524 rer.
1021 1478 1043 1532 1,
1062 1477 1086 1524 8.

208 1615 211 1618 ,
304 1553 334 1609 Si
361 1558 429 1625 post
457 1571 565 1609 moram
593 1571 653 1609 rem
682 1554 832 1617 interient,
867 1554 1029 1610 aestimatio
1059 1554 1120 1625 ejus

253 1643 422 1710 praestatur.
457 1639 618 1693 Uenatus:
637 1642 655 1695 Ι.
675 1648 706 1696 39
725 1645 743 1705 ἕ
764 1649 776 1694 1
797 1641 830 1696 Ι).
847 1643 881 1694 dc
899 1641 1032 1708 leqatisI.

303 1725 471 1780 Aestimatio
489 1725 646 1796 periculum
663 1727 734 1784 facit
751 1726 820 1788 eius,
840 1725 889 1795 qui
907 1725 1041 1796 suscepit.

381 1812 541 1865 Uteiauus:
561 1814 577 1865 l.
598 1821 610 1866 1
630 1816 649 1876 §
669 1820 680 1866 l
701 1814 734 1866 1).
752 1814 785 1865 da
803 1814 984 1866 aestimatoria
1005 1818 1044 1874 19,
1063 1817 1086 1865 3.

629 1992 743 2046 Aetas.

303 2099 366 2156 Non
383 2101 421 2155 sit
433 2099 536 2156 aetatis
551 2101 695 2156 excusatio
709 2102 844 2156 adversus
856 2104 1012 2170 praecepta
1024 2100 1121 2170 legum

250 2185 286 2248 ei,
305 2186 362 2253 qui,
382 2186 449 2241 dum
465 2187 544 2256 leges
563 2186 685 2248 invocat,
705 2190 804 2241 contra
823 2203 870 2241 eas
890 2186 1050 2242 committit.

477 2271 697 2324 Tasesomsus:
716 2274 733 2325 ι.
753 2280 784 2327 37
804 2272 837 2326 D.
855 2274 889 2325 de
906 2275 998 2324 minor.
1018 2281 1042 2334 4,
1061 2279 1085 2325 4.

302 2357 412 2412 Malitia
431 2359 546 2427 supplet
563 2361 697 2414 aetatem.

599 2520 768 2576 Affinitss.

301 2629 431 2684 Affinitas
456 2634 500 2684 est
523 2630 604 2686 civile
629 2629 771 2685 vinculum
794 2647 828 2685 ex
849 2630 957 2700 nuptiis
981 2629 1119 2699 sponsali·

250 2715 340 2770 busve
359 2715 543 2770 descendens.

301 2799 406 2856 Affines
428 2804 495 2855 sunt
516 2801 568 2856 viri
590 2805 620 2856 et
642 2801 735 2856 uxoris
759 2801 881 2870 cognati.
916 2801 1119 2854 Moonsnmus:

647 2890 663 2940 l.
682 2896 698 2941 4
716 2892 735 2952 ἕ
753 2895 768 2941 3
788 2888 820 2940 D.
839 2889 872 2940 de
887 2889 964 2954 arad.
984 2891 1024 2940 88.
1046 2894 1085 2940 10.

301 2971 378 3026 inter
400 2972 627 3042 consanguineos
651 2972 702 3026 viii
725 2976 755 3027 et
775 2972 868 3026 uxoris
891 2971 969 3025 nulla
996 2970 1119 3024 affinitas

249 3057 433 3110 contrahitur.
