2698 3558
698 279 738 354 32

333 445 505 517 Respublica
524 445 656 500 creditrix
673 445 801 499 omnibus
815 443 1052 515 chirographariis
1068 443 1160 498 credi·

282 532 391 588 toribus
418 531 584 602 praefertur.
623 531 757 584 Pactus:
785 533 802 584 l.
830 536 862 587 38
890 531 907 600 ἓ
936 538 947 584 1
978 531 1011 583 I).
1038 530 1073 582 de
1101 527 1160 582 rel).

916 620 1016 670 auctor.
1035 621 1078 676 42,
1098 621 1124 682 5,

297 694 300 699 ’
333 703 432 757 Falsus
444 702 567 758 creditor
580 742 585 754 .
596 742 602 754 .
613 741 636 754 ..
650 704 695 754 est
705 701 738 764 is,
751 703 800 770 qui
812 719 841 756 sc
852 702 966 756 simulat
976 700 1161 756 creditorem.

556 787 722 840 Uannius:
744 783 760 841 l.
779 795 812 843 43
831 789 864 842 Ι).
882 790 915 842 de
929 786 1016 854 scriis
1035 794 1077 848 41,
1099 793 1123 840 1.

535 982 679 1038 crimen.
710 983 902 1040 Peccatum.

333 1125 515 1196 Extinguitur
538 1125 643 1181 crimen
669 1127 849 1182 mortalitate.
885 1126 1054 1180 Unmuus:
1082 1127 1100 1178 l.
1127 1133 1161 1180 11

790 1213 823 1264 Ι).
843 1213 878 1264 cd
894 1208 942 1279 leg.
961 1208 1014 1265 lul.
1034 1217 1077 1289 48,
1097 1218 1122 1265 4.

243 1317 245 1324 ·
334 1297 458 1352 Peccata
476 1313 541 1350 suos
558 1296 675 1350 teneant
693 1299 830 1350 auctores.
867 1297 895 1350 l.
915 1303 947 1350 22
969 1297 996 1350 O.
1014 1298 1048 1350 de
1061 1298 1165 1364 poenis

1037 1387 1062 1444 9,
1081 1387 1125 1434 47.

333 1467 391 1522 Ubi
409 1465 597 1526 commodum,
614 1464 656 1518 ibi
673 1469 780 1520 auctor.

335 1551 390 1618 Qui
407 1569 464 1606 non
481 1551 569 1618 habet
586 1550 616 1603 in
635 1567 707 1614 aare,
726 1551 787 1606 luat
803 1551 833 1604 in
852 1567 978 1621 corpore.

659 1743 781 1814 culpa.

257 1929 260 1934 ,
319 1872 425 1942 'Culpa
441 1875 492 1935 est,
511 1872 595 1940 quod,
614 1877 678 1926 euni
696 1889 713 1924 a
731 1873 865 1942 diligente
884 1874 1029 1942 provideri
1041 1876 1162 1944 poterit.

208 1951 209 1956 '
281 1975 340 2012 non
364 1960 440 2012 esset
460 1957 612 2026 provisum.
648 1957 780 2010 Planus:
804 1955 819 2010 1.
840 1964 870 2012 21
891 1961 924 2012 Ι).
947 1961 984 2012 ud
1000 1956 1049 2027 leg.
1069 1958 1163 2028 Aquil.

1054 2052 1078 2108 9,
1100 2053 1125 2101 2.
1186 2055 1195 2080 ‘

334 2126 439 2196 Magna
450 2126 627 2196 negligentia
639 2128 723 2196 culpa
735 2131 785 2190 est,
798 2144 901 2198 magna
914 2128 999 2198 culpa
1009 2130 1093 2184 dolus
1108 2133 1164 2184 est.

559 2211 694 2264 Plutus:
713 2209 729 2265 1.
749 2219 797 2266 226
817 2213 850 2265 I).
869 2215 902 2268 de
925 2215 952 2267 V.
970 2211 1000 2268 S.
1020 2221 1061 2278 50,
1084 2223 1127 2271 16.

335 2287 426 2364 (lulpa
443 2295 509 2350 dolo
527 2296 655 2366 proxima
673 2297 769 2351 dolum
786 2302 988 2367 repraesentat.

359 2386 361 2390 '
386 2378 551 2432 unricus:
569 2377 586 2434 l.
608 2391 619 2434 1
640 2382 657 2450 fi
677 2383 743 2438 21).
762 2385 787 2434 si
803 2384 835 2442 is,
853 2387 898 2450 qui
914 2389 1016 2438 tertam.
1036 2393 1079 2449 41,
1100 2394 1127 2440 4.

335 2462 407 2517 Lata
429 2464 511 2532 culpa
533 2465 618 2535 plane
646 2465 712 2520 dolo
735 2468 951 2535 comparabitur.
986 2469 1164 2526 Unrrnuus:

561 2548 611 2615 tl
632 2551 649 2618 ἕ
670 2561 683 2606 1
703 2553 735 2605 I).
753 2553 779 2604 si
795 2569 900 2607 mensor
914 2553 1016 2621 falsum
1037 2565 1078 2622 11,
1101 2567 1126 2613 1.

336 2630 406 2686 Lata
428 2631 510 2702 culpa
533 2639 577 2690 est
598 2635 687 2690 nimia
709 2636 896 2706 negligentia,
919 2640 950 2694 id
973 2645 1017 2696 est
1039 2659 1101 2697 non
1120 2645 1164 2698 in·

283 2715 427 2785 telligere,
450 2718 526 2786 quod
548 2735 644 2773 omncs
667 2720 838 2789 intelligunt.
874 2722 1042 2778 Utinm:
1068 2724 1085 2780 1.
1113 2737 1166 2785 213

745 2805 1127 2873 Μᾶὼϊᾶωω

335 2884 421 2940 natae
435 2887 534 2956 culpae
547 2887 609 2941 finis
623 2892 735 2943 estnon
746 2888 906 2959 intelligere
919 2892 956 2956 id,
970 2895 1049 2963 quod
1060 2913 1165 2952 omnes

283 2968 456 3039 intelligunt.
491 2971 625 3024 Plutus:
644 2969 660 3025 1.
679 2975 729 3026 228
743 2989 789 3040 pr.
808 2974 842 3027 D.
861 2979 893 3030 de
906 2979 943 3066 js.
962 2975 991 3032 S.
1011 2986 1053 3042 50,
1076 2989 1121 3038 16.
