2698 3558
561 304 598 366 17

139 473 274 540 posteros
287 467 552 529 transmitterentur,
568 469 780 540 inperpetuum
793 470 1013 525 succedentibus

69 586 72 631 g
145 557 255 610 durent.
290 555 498 610 Monnsulnus:
518 558 534 608 1.
553 564 570 610 4
588 555 621 608 ll.
640 558 750 622 dejure
768 559 868 608 immun.
887 564 928 619 50,
948 564 971 611 6.

196 640 278 708 Quod
296 639 381 696 elicui
403 640 528 711 gratiose
552 641 727 703 conceditur,
750 641 825 696 trahi
847 657 904 696 non
928 628 1015 698 debet

138 728 180 781 51)
199 727 262 782 eliis
280 726 310 781 in
328 725 496 796 exemplum.
532 742 555 782 c.
575 735 606 782 74
623 729 657 780 de
675 727 707 780 R.
726 727 752 781 J.
770 730 797 780 iu
815 733 858 782 tto
876 734 900 790 5,
921 735 961 783 lt.

195 812 284 868 Nemo
302 813 332 867 in
350 812 570 867 necessitutibus
589 813 714 867 liberalis
734 812 838 868 existit.

314 899 522 954 Monnsrmus:
541 896 558 952 1.
579 900 660 954 181).
679 901 712 952 de
730 902 807 953 adim.
826 902 874 967 leg.
893 907 933 962 31,
952 907 977 954 t.

195 982 307 1040 Nemini
325 1002 377 1040 suu
394 983 550 1039 liberalitas
570 985 708 1040 damnosa
726 1001 789 1039 esse
808 985 902 1040 debet

195 1068 284 1124 Nemo
301 1068 426 1124 liberulis
445 1086 509 1126 esse
525 1069 724 1139 praesumitur.

194 1154 284 1210 Nemo
304 1154 358 1211 sibi
375 1155 437 1225 ipse
454 1155 623 1210 beneficium
642 1156 709 1210 dure
727 1159 832 1226 potest.

374 1301 477 1356 Bone.
507 1301 574 1357 Res
597 1300 787 1356 familiaris.

194 1409 339 1466 Bonorum
348 1410 513 1480 appellatio,
527 1410 600 1466 sicut
610 1411 784 1476 hereditatis,
798 1411 1014 1467 universitatem

137 1497 288 1565 quandam
310 1513 344 1552 ac
365 1496 409 1551 ius
433 1497 621 1552 successionis
645 1501 675 1552 et
697 1515 753 1552 non
781 1497 939 1569 singulares
967 1515 1012 1551 res

141 1583 329 1636 demonstrat.
363 1583 547 1636 Armenius:
566 1585 583 1636 Ι.
602 1591 652 1638 ‘208
670 1585 703 1637 D.
722 1587 754 1638 de
778 1584 806 1642 V.
824 1581 853 1638 S.
872 1591 912 1646 50,
933 1591 973 1640 18.

197 1667 322 1721 'lantum
343 1667 462 1736 quisque
485 1668 624 1738 pecuniae
645 1669 794 1738 relinquit,
818 1673 957 1737 quantum
980 1687 1014 1724 ex

69 1743 71 1777 ⁷
136 1750 226 1806 'bonis
250 1751 310 1806 eius
332 1753 409 1806 refici
431 1757 536 1823 potest.
572 1754 700 1809 Census:
724 1758 740 1809 1,
765 1762 798 1810 88
816 1756 849 1809 Ι).
874 1759 907 1809 de
930 1756 958 1810 V.
984 1753 1013 1809 S.

69 1855 70 1864 ¹
877 1849 918 1902 50,
940 1848 978 1897 16.

193 1921 276 1980 Bona
292 1922 492 1994 intelliguntur
504 1926 705 1994 cuiuscunque,
724 1944 797 1994 quse
811 1926 935 1981 deducto
948 1944 1013 1982 aere

140 2007 236 2062 alieno
255 2012 417 2080 supersunt.
443 2009 576 2064 Pnunus:
595 2009 611 2065 l.
626 2019 657 2067 30
676 2014 768 2077 ι511).
781 2015 814 2065 de
831 2013 858 2065 V.
872 2009 901 2066 S.
915 2020 956 2072 50,
973 2020 1011 2068 10,

195 2091 229 2144 ld
246 2094 320 2147 enim
337 2095 477 2150 bonorum
495 2096 631 2164 cuiusque
651 2115 714 2152 esse
730 2097 912 2166 intelligitur,
936 2097 1013 2166 quod

138 2175 204 2230 aeri
222 2176 314 2232 alieno
334 2185 478 2251 superest,
499 2182 685 2237 luvonnuns:
704 2181 720 2236 1.
735 2192 764 2238 11
779 2185 813 2238 D.
825 2185 936 2250 dejure
949 2185 1015 2250 fisci

874 2275 917 2330 49,
939 2277 978 2324 14.

195 2346 278 2414 Quod
296 2349 441 2415 evincitur,
459 2353 489 2406 in
507 2354 590 2409 bonis
608 2372 667 2410 non
685 2359 737 2410 est
773 2355 901 2410 Census:
923 2353 940 2408 l.
961 2359 1009 2410 190

676 2442 710 2495 D.
730 2444 763 2494 de
781 2442 814 2494 R.
833 2442 858 2495 J.
877 2447 918 2502 50,
938 2449 979 2495 17.

193 2518 335 2574 Vocontia
353 2525 528 2579 mortuorum
545 2525 622 2579 bona
640 2529 709 2580 tunc
722 2519 870 2580 ad'fiscum
880 2525 1012 2580 iubemus

139 2604 301 2667 transferri,
326 2605 349 2659 si
371 2607 480 2662 nullum
504 2625 538 2663 ex
560 2609 689 2678 quelibet
712 2611 856 2681 sanguinis
874 2611 952 2666 linea
968 2611 1015 2666 vel

139 2689 209 2743 iuris
233 2688 316 2744 titulo
339 2690 498 2760 legitimum
520 2695 667 2764 reliqueris
690 2696 843 2752 intestatus
870 2697 1013 2752 heredem.

531 2781 559 2833 l.
579 2789 595 2835 4
617 2783 642 2834 0.
661 2784 783 2835 debonis
801 2799 855 2836 occ.
876 2790 916 2846 10,
937 2791 976 2838 10.

192 2857 317 2928 Expedit
338 2860 527 2931 reipublicae,
551 2882 587 2919 ne
611 2866 674 2934 quis
696 2883 726 2920 re
746 2885 797 2922 sue
815 2867 889 2922 male
907 2871 1012 2922 utatur.

245 2955 248 2962 '
557 2952 771 3016 §uidetis
790 2955 835 3019 qui
851 2955 894 3006 sui
912 2960 934 3016 1,
953 2959 978 3008 8.

193 3029 249 3095 Qui
266 3032 430 3089 nonhabet
448 3033 478 3088 in
497 3052 570 3100 aere,
589 3037 650 3091 luat
668 3037 698 3090 in
716 3055 841 3107 corpore.

826 3131 840 3177 2
