2698 3558
663 311 708 374 44·

301 477 392 532 Nemo
410 477 441 532 in
458 475 675 532 necessitatibus
693 477 819 532 liberatis
838 476 940 530 existit.

421 558 666 617 113333313333
688 569 718 617 18
738 563 771 616 9.
789 566 822 615 de
841 565 920 618 adim.
938 557 988 628 leq.
1007 567 1048 624 34,
1067 567 1093 613 4.

300 648 391 703 Nemo
409 647 514 701 invitus
534 647 628 701 donat.

300 734 397 788 Mente
417 735 515 801 eaptus
533 732 638 785 donare
655 747 713 786 non
731 736 834 801 potest.
870 732 1081 785 Monnsrmoe:
1110 727 1131 783 l.

671 825 703 871 93
722 819 739 886 fi
760 827 772 872 1
794 819 826 871 Ι).
845 821 878 871 de
896 821 985 871 donat.
1005 823 1046 878 39,
1067 822 1090 871 5.

301 902 433 956 Perfecta
451 901 564 956 donatio
584 901 760 957 conditiones
781 907 883 972 postea
900 918 960 956 non
979 902 1065 971 oepit.
1097 902 1138 954 L:

764 990 828 1042 40.
847 991 880 1041 de
898 990 986 1040 donat.
1005 997 1030 1051 3,
1049 993 1092 1042 55.

301 1073 335 1125 In
353 1071 471 1126 aedibus
489 1070 589 1125 alienis
610 1071 739 1127 habitare
762 1072 850 1142 gratis
871 1073 987 1127 donatio
1005 1072 1135 1126 videtur.

456 1157 643 1210 POMPONIUS:
662 1153 679 1210 l.
698 1163 712 1211 9
727 1174 774 1226 pr,
793 1159 826 1211 I).
845 1160 877 1210 de
895 1160 984 1210 donat.
1006 1164 1047 1221 39,
1068 1162 1093 1211 5.

302 1243 425 1298 Donatio
443 1261 501 1298 non
518 1243 713 1313 praesumitur.

303 1329 389 1383 Cuius
407 1332 451 1383 est
468 1329 605 1392 donandi,
630 1328 722 1382 eidem
743 1331 773 1383 et
789 1328 932 1383 vendendi
948 1328 992 1381 ius
1012 1330 1064 1383 est.

497 1411 699 1467 1133113336.
720 1421 769 1469 163
788 1415 822 1467 D.
841 1416 873 1467 de
892 1415 925 1467 R.
945 1416 970 1468 J.
990 1422 1032 1478 59,
1053 1422 1094 1468 17.

303 1498 356 1554 Est
373 1500 448 1554 enim
466 1499 556 1553 iustus
573 1494 718 1569 po'sseseor
741 1503 770 1553 et
792 1499 911 1567 petitor,
934 1499 983 1568 qui
1004 1498 1121 1553 liberali

251 1588 343 1640 tatem
361 1585 480 1654 aceepit.
511 1583 676 1636 Unnmnoe:
695 1582 711 1637 l.
726 1593 738 1636 7
754 1585 771 1652 ξ
785 1591 799 1638 3
813 1584 846 1636 D.
859 1586 892 1637 de
903 1581 1064 1637 Publiciana
1076 1591 1101 1647 6,
1116 1591 1135 1637 2

304 1669 360 1722 Pro
383 1669 487 1722 donato
509 1669 534 1721 is
556 1669 698 1739 usucapit‚
723 1668 768 1722 eui
791 1667 952 1722 donationis
975 1685 1063 1723 33333
1084 1685 1136 1724 res

251 1753 359 1808 tradita
376 1757 428 1808 est.
463 1754 599 1807 Pinnos:
618 1751 635 1806 l.
656 1762 668 1808 1
683 1770 730 1821 pr.
749 1754 782 1806 D.
798 1769 851 1820 pro
869 1757 966 1808 donato
984 1763 1027 1817 41,
1047 1762 1072 1808 6.

305 1838 403 1892 Mortis
422 1855 508 1893 33333
526 1838 640 1893 donatio
665 1843 719 1902 est,
742 1854 815 1906 quae
836 1842 955 1908 propter
977 1839 1077 1894 mortis
1100 1839 1137 1893 fit

252 1921 452 1991 suspicionem.
489 1925 505 1991 ξ
526 1932 539 1978 1
559 1924 584 1976 J.
603 1926 635 1976 de
652 1927 738 1977 donat.
758 1931 782 1987 2,
802 1931 824 1976 7.

303 2007 404 2061 Mortis
422 2025 507 2061 33333
525 2008 654 2071 donatur,
673 2009 749 2077 quod
766 2025 901 2077 praesens
913 2009 1060 2078 praesenti
1073 2009 1138 2062 dat.

281 2094 478 2147 Mamaeanos:
496 2091 513 2145 l.
533 2099 565 2146 36
584 2094 617 2147 D.
635 2095 668 2146 de
687 2096 778 2146 mortis
797 2109 881 2150 causa
901 2096 989 2147 donat.
1009 2101 1051 2158 39,
1071 2101 1096 2147 6.

305 2179 405 2233 Mortis
424 2194 509 2231 33333
527 2177 693 2231 donationes
712 2181 911 2245 comparantur
929 2179 1042 2248 legatis.

353 2264 518 2316 Unnmnos:
537 2259 583 2314 l.-1
607 2263 623 2329 ᾖ
643 2271 655 2316 1
677 2262 713 2318 D.
730 2265 756 2313 3·
772 2264 835 2328 quid
852 2265 879 2314 in
894 2264 990 2330 stand.
1009 2271 1052 2327 38,
1072 2272 1097 2319 5.

306 2349 371 2403 Non
392 2349 504 2402 videtur
525 2346 652 2416 perfecta
674 2346 788 2401 donatio
811 2349 911 2402 mortis
936 2366 1022 2404 33333
1044 2349 1139 2414 faeta,

255 2438 410 2501 antequam
431 2450 505 2486 more
532 2431 704 2498 insequatur.
740 2430 906 2486 Unnmnus:
944 2431 961 2487 l.
985 2435 1076 2488 321).
1101 2438 1141 2488 de

689 2519 782 2569 mortis
800 2533 884 2570 causa
901 2521 990 2573 donat.
1010 2526 1052 2582 39,
1072 2527 1098 2573 6.

307 2601 407 2656 Mortis
431 2617 516 2655 33333
538 2600 704 2654 donationes
727 2641 796 2653 ....
817 2601 995 2658 infirmantur
1012 2621 1066 2675 per
1084 2621 1142 2660 aes

256 2688 389 2742 alienum.
424 2686 558 2738 PAULUS:
585 2681 602 2738 l.
620 2692 653 2740 65
673 2687 690 2753 ξ
710 2694 723 2738 1
742 2686 776 2738 D.
795 2688 831 2738 ad
847 2685 895 2754 leq.
915 2688 990 2744 Fato.
1009 2697 1052 2754 35,
1074 2698 1099 2744 2.

650 2829 729 2883 Dos.

310 2920 368 2975 Dos
386 2921 473 2990 ipsius
491 2919 565 2974 filiae
583 2920 728 2989 proprium
744 2921 947 2990 patrimonium
967 2930 1017 2980 est.

489 3005 653 3058 ULPIANUS:
672 3003 688 3058 l.
708 3013 722 3059 3
742 3007 759 3073 ξ
778 3012 793 3059 5
811 3006 845 3059 D.
864 3010 897 3061 de
915 3013 1009 3064 minor.
1028 3019 1054 3074 4,
1073 3021 1103 3066 4.
