2634 3556
672 335 713 399 48

298 481 395 558 'Filius
406 503 599 572 emancipatus
610 503 694 557 etiam
705 503 764 556 sinc
776 518 913 556 consensu
918 503 1130 578 patrisuxorenr

256 590 361 644 ducere
379 592 484 659 potest.
502 589 713 642 Monnsnnrus:
732 590 749 640 l.
768 595 799 642 25
819 589 852 641 Β.
871 589 903 642 de
922 589 955 641 Β.
979 588 1006 642 V.
1026 595 1067 652 23,
1087 596 1111 642 2.

524 785 646 840 Emtio.
690 783 861 839 venditio.

202 934 203 938 ¹
308 913 403 968 Emtio
423 930 561 968 consensu
578 912 731 982 peragitur.
757 912 890 966 Pnunus:
909 914 927 965 l.
947 919 958 964 1
980 913 996 981 ᾖ
1016 918 1031 965 2
1050 912 1083 965 Β.
1096 915 1134 966 de

716 1046 718 1050 .
794 997 912 1072 contrat.
931 1005 1050 1066 emt-18,
1070 1007 1093 1051 1.

306 1083 402 1139 Emtio
421 1089 450 1139 et
466 1083 591 1138 venditio
606 1082 788 1147 contrahitur,
808 1082 975 1152 simulatque
989 1083 1023 1136 de
1036 1083 1133 1152 pretio

256 1171 428 1226 convenerit.
458 1186 505 1240 pr.
524 1171 549 1222 J.
568 1172 600 1222 de
618 1174 675 1222 emt.
695 1175 721 1232 3,
739 1176 780 1224 24.

307 1255 465 1314 Conventio
483 1255 593 1326 perficit
689 1246 851 1308 emtionem.
887 1254 1052 1308 ULPIANUS:
1076 1251 1093 1310 Β.
1113 1261 1130 1308 2

693 1341 725 1393 Β.
745 1341 990 1394 decucurrerat.
1010 1347 1093 1404 181

308 1430 373 1484 Sine
392 1427 484 1532 pretio
503 1427 581 1481 nulla
597 1425 704 1480 vendit
684 1429 724 1479 tro
740 1428 790 1479 est.
771 1425 986 1479 Utnrnrus:
1006 1428 1022 1481 l.
1042 1433 1057 1480 Β
1076 1427 1093 1495 5
1115 1435 1128 1481 1

691 1511 725 1564 Β.
745 1513 777 1564 de
795 1512 913 1564 contrad.
932 1517 989 1566 emt.
1011 1518 1050 1576 18,
1071 1520 1093 1567 1.

293 1565 393 1658 Ratio
412 1593 601 1668 conpatitur,
619 1600 724 1651 utuna
742 1595 899 1663 eademque
917 1613 962 1650 res
981 1601 1010 1652 et
1027 1601 1134 1653 veneat

212 1681 213 1684 ¹
256 1689 286 1740 ct
302 1685 426 1767 pretium
445 1685 481 1740 sit
502 1684 641 1739 emtionis,
676 1683 809 1738 PAULUS:
841 1679 857 1734 Β.
879 1692 953 1750 lpr.
972 1685 1004 1737 Β.
1023 1686 1055 1736 de
1073 1701 1133 1738 rer.

871 1776 986 1837 permut.
968 1771 1047 1831 Β19,
1065 1779 1090 1824 4.

308 1856 440 1910 Omnium
457 1872 646 1924 rerumquae
665 1856 731 1924 quis
745 1855 850 1910 habere
865 1855 913 1909 vel
925 1854 1070 1923 possidere
1082 1858 1130 1910 vel

255 1942 390 2013 persequi
406 1945 509 2012 potest,
527 1941 653 1996 venditio
672 1945 748 1996 recte
755 1942 821 2012 ΒΒ
841 1938 1007 1994 Primuszl
1007 1949 1065 1996 .34
1082 1942 1099 2010 ὅ
1115 1952 1128 1997 1

693 2029 726 2082 Β.
745 2030 777 2081 de
796 2028 913 2104 contrad.
934 2033 992 2080 emt.
1013 2033 1053 2090 18,
1073 2036 1096 2081 1.

308 2113 427 2167 Fructus
440 2117 469 2168 et
480 2117 577 2183 partus
589 2113 677 2168 futuri
688 2117 766 2168 recte
780 2116 917 2168 emuntur.
942 2114 1135 2170 POMPONIUS:

622 2197 638 2254 Β.
658 2206 673 2255 8
693 2201 725 2254 Β.
744 2202 778 2254 dc
795 2202 915 2254 contrad.
935 2208 993 2255 emt.
1013 2210 1053 2266 18,
1074 2211 1097 2256 1.

309 2281 414 2338 Earum
435 2301 542 2348 rerum,
570 2301 639 2353 quas
660 2288 762 2339 natura
788 2287 835 2340 vel
863 2287 990 2356 gentium
1016 2288 1059 2341 ius
1086 2289 1133 2343 vel

259 2386 352 2425 mores
372 2369 494 2424 civitatis
508 2371 676 2426 commercio
690 2376 834 2436 exuerunt,
852 2373 930 2426 nulla
941 2373 1067 2428 venditio
1081 2378 1136 2429 cst.

380 2460 556 2513 PAULUsz‘I.
576 2463 608 2511 34
627 2458 643 2526 ᾖ
664 2466 677 2512 1
697 2458 731 2512 Β.
750 2459 782 2510 de
800 2458 918 2510 ΒοΒΒναΒ.
937 2465 994 2512 emt.
1016 2465 1055 2522 18,
1075 2467 1097 2513 1.

313 2547 404 2601 Nemo
421 2547 516 2616 potest
533 2543 624 2598 videri
643 2559 705 2597 eam
722 2559 783 2596 rem
804 2541 978 2608 vendidisse,
1001 2544 1035 2599 de
1055 2545 1137 2600 cuius

248 2629 389 2704 ,dominio
407 2631 438 2684 id
456 2631 560 2700 agitur,
583 2646 619 2683 ne
638 2625 675 2682 ad
694 2631 831 2682 emtorem
849 2631 982 2683 transeat.
1017 2629 1134 2683 anno':

440 2737 442 2741 ·
534 2717 551 2768 l.
570 2721 603 2768 80
622 2715 638 2783 ἓ
659 2722 673 2776 3
693 2713 726 2767 Β.
746 2716 780 2767 de
795 2715 917 2768 commi.
936 2721 993 2768 emt.
1014 2722 1054 2780 18,
1075 2723 1097 2770 1.

313 2804 386 2858 Suae
408 2803 450 2856 rei
472 2801 558 2856 emtio
582 2816 641 2855 non
663 2800 747 2854 valet
786 2801 976 2853 POMPONIUS.
1000 2802 1016 2854 l.
1041 2807 1072 2856 16
1088 2817 1136 2868 pr.

678 2886 728 2939 Β.
747 2887 779 2940 de
797 2887 916 2940 contrad.
934 2892 1098 2952 em1.18,1.

315 2933 368 3031 Rei
385 2975 516 3046 propriae
536 2973 622 3030 emtio
640 2991 697 3028 non
714 2976 811 3043 potest
829 2971 989 3028 consistere.
1026 2973 1055 3026 Β
1074 2980 1091 3026 4
1107 2972 1136 3027 C

750 3061 782 3114 dc
800 3060 916 3114 contrat
936 3064 995 3113 emt.
1014 3067 1038 3124 4,
1058 3065 1110 3113 38.
