2666 3560
683 289 745 354 120
856 362 858 366 ,

326 455 470 525 Scriptura
486 454 598 525 private
614 472 667 525 pro
686 454 828 511 scribente
846 455 918 510 nihil
935 457 1047 527 probat.

328 541 474 596 Confessio
493 543 537 596 ost
554 540 651 610 regine
668 542 876 610 probationum.

325 626 460 682 Probetio
481 625 613 696 specialis
630 627 777 695 praevalet
795 627 928 696 generali.

329 711 446 782 Semper
463 711 619 766 necessitas
636 711 778 781 probandi
795 711 933 767 incumbit
950 711 1001 776 illi,
1019 711 1067 780 qui
1079 712 1152 782 egit.

506 797 697 850 MARGIANUS:
717 799 732 850 l.
752 805 784 853 21
804 798 838 851 1).
856 801 889 852 de
904 799 1008 865 probet.
1029 806 1069 862 22,
1089 806 1113 853 3.

326 882 486 938 Asfinnenti
503 882 643 938 incumbit
658 882 800 952 probatio.
907 929 908 934 ,

328 967 363 1022 Ei
380 967 520 1023 incumbit
536 967 677 1038 probatio,
696 967 744 1035 qui
763 967 841 1033 dioit,
859 983 917 1022 non
935 967 984 1036 qui
1001 972 1095 1038 negat.

614 1053 751 1106 Pennus:
770 1056 787 1107 1.
806 1054 839 1107 1).
858 1056 891 1106 de
902 1055 1009 1121 probat.
1029 1061 1069 1117 22,
1089 1061 1113 1108 s.

327 1137 465 1208 Negentis
490 1138 622 1208 probatio
648 1140 727 1194 nulle
753 1142 804 1194 est.
841 1141 870 1193 h.
892 1146 924 1194 23
948 1141 973 1192 θ.
992 1142 1025 1192 de
1040 1141 1150 1206 probat.

1026 1235 1050 1286 4,
1072 1233 1112 1280 19.
1227 1283 1228 1286 ,

327 1309 430 1365 Actore
449 1310 525 1366 enim
541 1328 600 1365 non
616 1310 763 1380 prebente,
782 1310 831 1378 qui
849 1310 1023 1372 convenitur,
1042 1310 1150 1366 ets1ni-

274 1395 318 1450 hil
334 1395 397 1465 ipse
414 1398 551 1466 praestet,
570 1395 717 1450 obtinebit.
754 1397 783 1450 L.
801 1404 818 1450 4
839 1398 865 1450 θ.
883 1398 1032 1450 desdende
1051 1407 1074 1460 2,
1095 1405 1118 1450 1.

296 1548 298 1556 Ι
328 1480 432 1536 Actore
450 1497 507 1535 non
523 1481 663 1550 probante
675 1499 748 1544 reus,
767 1480 878 1535 etiamsi
891 1480 962 1534 nihil
973 1481 1150 1550 probaverit,

276 1565 440 1620 absolvitur.

328 1650 392 1704 Non
408 1651 452 1705 ius
473 1650 546 1721 [tibi]
567 1650 669 1714 deficit,
689 1650 739 1706 sed
756 1650 897 1721 probatio.
923 1651 1058 1704 Psonns:
1077 1653 1094 1704 Ι.
1114 1658 1150 1706 30

781 1738 815 1790 Ι).
834 1739 866 1790 de
883 1742 943 1790 rest.
961 1742 1008 1790 tut.
1028 1743 1068 1800 26,
1087 1744 1112 1791 2.

327 1821 463 1877 Probetio
482 1839 552 1876 onus
568 1821 708 1892 petitoris,
728 1823 906 1876 commodum
923 1821 1104 1892 possessoris.

624 2016 804 2085 Prodigus.

328 2143 444 2215 Prodigi
461 2146 540 2200 nullo
558 2145 688 2200 voluntas
707 2147 758 2200 est.

328 2229 483 2300 Prodigus,
507 2233 530 2285 si
553 2230 661 2285 deferat
683 2230 890 2294 iusiurandum,
915 2231 1071 2286 audiendus
1090 2248 1150 2286 non

275 2317 329 2370 est
363 2316 495 2370 PAULUS:
515 2320 532 2370 1.
552 2325 583 2372 35
603 2317 619 2385 ἐ
640 2325 652 2372 1
673 2318 705 2371 D.
724 2319 756 2370 de
766 2320 853 2384 jurej.
874 2324 914 2380 12,
934 2328 957 2371 2.

628 2495 806 2559 Quaestus.

329 2620 467 2687 Quaestus
487 2622 563 2677 enim
580 2623 761 2692 intelligitur,
785 2621 833 2691 qui
854 2639 889 2677 ex
907 2639 993 2692 opere
1012 2623 1149 2691 cuiusque

277 2706 433 2762 deseendit.
469 2708 602 2761 Prunns:
622 2710 638 2761 l.
657 2715 673 2764 8
692 2710 724 2762 D.
737 2725 792 2777 pro
810 2711 880 2762 socio
902 2717 940 2772 17,
960 2716 983 2762 2.

643 2889 782 2942 Rarum.

328 3012 384 3078 Ee,
412 3031 486 3083 quse
509 3031 573 3069 roro
597 3015 742 3079 occidunt,
769 3032 826 3069 non
851 3018 958 3069 temere
978 3015 1008 3068 in
1031 3014 1148 3086 agendis
