<?xml version="1.0" encoding="UTF-8"?>
<!DOCTYPE html PUBLIC "-//W3C//DTD XHTML 1.0 Transitional//EN"
    "http://www.w3.org/TR/xhtml1/DTD/xhtml1-transitional.dtd">
<html xmlns="http://www.w3.org/1999/xhtml" xml:lang="en" lang="en">
 <head>
  <title>
</title>
<meta http-equiv="Content-Type" content="text/html;charset=utf-8" />
  <meta name='ocr-system' content='tesseract 3.04.00' />
  <meta name='ocr-capabilities' content='ocr_page ocr_carea ocr_par ocr_line ocrx_word'/>
</head>
<body>
  <div class='ocr_page' id='page_1' title='image "./regulaeiuris00fromgoog_0079.png"; bbox 0 0 2698 3558; ppageno 0'>
   <div class='ocr_carea' id='block_1_1' title="bbox 695 315 737 377">
    <p class='ocr_par' dir='ltr' id='par_1_1' title="bbox 695 315 737 377">
     <span class='ocr_line' id='line_1_1' title="bbox 695 315 737 377; baseline 0.024 -1"><span class='ocrx_word' id='word_1_1' title='bbox 695 315 737 377; x_wconf 76' lang='lat'>70</span> 
     </span>
    </p>
   </div>
   <div class='ocr_carea' id='block_1_2' title="bbox 333 480 1157 636">
    <p class='ocr_par' dir='ltr' id='par_1_2' title="bbox 333 480 1157 636">
     <span class='ocr_line' id='line_1_2' title="bbox 333 480 760 546; baseline -0.002 -11"><span class='ocrx_word' id='word_1_2' title='bbox 333 481 389 546; x_wconf 78' lang='lat' dir='ltr'>Qui</span> <span class='ocrx_word' id='word_1_3' title='bbox 405 480 524 544; x_wconf 77' lang='lat' dir='ltr'>iocatur,</span> <span class='ocrx_word' id='word_1_4' title='bbox 544 497 600 534; x_wconf 87' lang='lat' dir='ltr'>nou</span> <span class='ocrx_word' id='word_1_5' title='bbox 617 480 760 535; x_wconf 80' lang='lat' dir='ltr'>ment&#39;tur.</span> 
     </span>
     <span class='ocr_line' id='line_1_3' title="bbox 333 564 1157 636; baseline -0.006 -15"><span class='ocrx_word' id='word_1_6' title='bbox 333 566 415 633; x_wconf 77' lang='lat' dir='ltr'>Quod</span> <span class='ocrx_word' id='word_1_7' title='bbox 426 583 478 636; x_wconf 88' lang='lat' dir='ltr'>per</span> <span class='ocrx_word' id='word_1_8' title='bbox 489 566 584 621; x_wconf 82' lang='lat' dir='ltr'>iocum</span> <span class='ocrx_word' id='word_1_9' title='bbox 596 566 635 630; x_wconf 75' lang='lat' dir='ltr'>fit,</span> <span class='ocrx_word' id='word_1_10' title='bbox 651 570 765 621; x_wconf 76' lang='lat' dir='ltr'>nonest</span> <span class='ocrx_word' id='word_1_11' title='bbox 777 566 888 620; x_wconf 77' lang='lat' dir='ltr'>sinistre</span> <span class='ocrx_word' id='word_1_12' title='bbox 901 564 1157 635; x_wconf 75' lang='lat' dir='ltr'>interpretandum.</span> 
     </span>
    </p>
   </div>
   <div class='ocr_carea' id='block_1_3' title="bbox 623 745 816 800">
    <p class='ocr_par' dir='ltr' id='par_1_3' title="bbox 623 745 816 800">
     <span class='ocr_line' id='line_1_4' title="bbox 623 745 816 800; baseline 0 0"><span class='ocrx_word' id='word_1_13' title='bbox 623 745 816 800; x_wconf 74' lang='lat' dir='ltr'><strong>Iracundia.</strong></span> 
     </span>
    </p>
   </div>
   <div class='ocr_carea' id='block_1_4' title="bbox 281 853 1158 1174">
    <p class='ocr_par' dir='ltr' id='par_1_4' title="bbox 281 853 1158 1082">
     <span class='ocr_line' id='line_1_5' title="bbox 335 853 1156 924; baseline -0.004 -14"><span class='ocrx_word' id='word_1_14' title='bbox 335 855 477 924; x_wconf 80' lang='lat' dir='ltr'>Quidquid</span> <span class='ocrx_word' id='word_1_15' title='bbox 499 856 529 910; x_wconf 88' lang='lat' dir='ltr'>in</span> <span class='ocrx_word' id='word_1_16' title='bbox 552 857 646 910; x_wconf 82' lang='lat' dir='ltr'>calore</span> <span class='ocrx_word' id='word_1_17' title='bbox 668 855 832 910; x_wconf 78' lang='lat' dir='ltr'>iracundiae</span> <span class='ocrx_word' id='word_1_18' title='bbox 854 855 901 910; x_wconf 89' lang='lat' dir='ltr'>vel</span> <span class='ocrx_word' id='word_1_19' title='bbox 924 855 956 909; x_wconf 78' lang='lat' dir='ltr'>fit</span> <span class='ocrx_word' id='word_1_20' title='bbox 973 856 1020 909; x_wconf 89' lang='lat' dir='ltr'>vel</span> <span class='ocrx_word' id='word_1_21' title='bbox 1043 853 1156 916; x_wconf 84' lang='lat' dir='ltr'>dieitur,</span> 
     </span>
     <span class='ocr_line' id='line_1_6' title="bbox 281 939 1158 1011; baseline -0.003 -14"><span class='ocrx_word' id='word_1_22' title='bbox 281 960 339 997; x_wconf 89' lang='lat' dir='ltr'>non</span> <span class='ocrx_word' id='word_1_23' title='bbox 357 941 435 1010; x_wconf 83' lang='lat' dir='ltr'>pn‘us</span> <span class='ocrx_word' id='word_1_24' title='bbox 453 944 545 996; x_wconf 72' lang='lat' dir='ltr'>retum</span> <span class='ocrx_word' id='word_1_25' title='bbox 564 945 619 1003; x_wconf 80' lang='lat' dir='ltr'>est,</span> <span class='ocrx_word' id='word_1_26' title='bbox 642 959 728 1010; x_wconf 81' lang='lat' dir='ltr'>quam</span> <span class='ocrx_word' id='word_1_27' title='bbox 752 941 775 994; x_wconf 84' lang='lat' dir='ltr'>si</span> <span class='ocrx_word' id='word_1_28' title='bbox 793 941 1005 1011; x_wconf 76' lang='lat' dir='ltr'>perseverantia</span> <span class='ocrx_word' id='word_1_29' title='bbox 1023 939 1158 1010; x_wconf 77' lang='lat' dir='ltr'>apparuit</span> 
     </span>
     <span class='ocr_line' id='line_1_7' title="bbox 281 1025 1154 1082; baseline -0.002 -1"><span class='ocrx_word' id='word_1_30' title='bbox 281 1028 417 1082; x_wconf 85' lang='lat' dir='ltr'>iudicium</span> <span class='ocrx_word' id='word_1_31' title='bbox 445 1026 531 1080; x_wconf 84' lang='lat' dir='ltr'>animi</span> <span class='ocrx_word' id='word_1_32' title='bbox 556 1027 653 1082; x_wconf 85' lang='lat' dir='ltr'>fuisse.</span> <span class='ocrx_word' id='word_1_33' title='bbox 688 1027 822 1081; x_wconf 73' lang='lat' dir='ltr'><strong>PAULUS:</strong></span> <span class='ocrx_word' id='word_1_34' title='bbox 851 1025 867 1081; x_wconf 89' lang='lat' dir='ltr'>l.</span> <span class='ocrx_word' id='word_1_35' title='bbox 895 1034 927 1082; x_wconf 84' lang='grc'>48</span> <span class='ocrx_word' id='word_1_36' title='bbox 956 1027 989 1080; x_wconf 81' lang='grc' dir='ltr'>Ι).</span> <span class='ocrx_word' id='word_1_37' title='bbox 1013 1029 1046 1080; x_wconf 81' lang='lat' dir='ltr'>de</span> <span class='ocrx_word' id='word_1_38' title='bbox 1070 1027 1104 1079; x_wconf 82' lang='lat' dir='ltr'>B.</span> <span class='ocrx_word' id='word_1_39' title='bbox 1129 1025 1154 1079; x_wconf 88' lang='lat' dir='ltr'>J.</span> 
     </span>
    </p>

    <p class='ocr_par' dir='ltr' id='par_1_5' title="bbox 1018 1119 1121 1174">
     <span class='ocr_line' id='line_1_8' title="bbox 1018 1119 1121 1174; baseline -0.029 -7"><span class='ocrx_word' id='word_1_40' title='bbox 1018 1119 1060 1174; x_wconf 80' lang='lat'>50,</span> <span class='ocrx_word' id='word_1_41' title='bbox 1081 1120 1121 1166; x_wconf 79' lang='lat'>17.</span> 
     </span>
    </p>
   </div>
   <div class='ocr_carea' id='block_1_5' title="bbox 334 1273 1158 1454">
    <p class='ocr_par' dir='ltr' id='par_1_6' title="bbox 334 1273 1158 1454">
     <span class='ocr_line' id='line_1_9' title="bbox 552 1273 886 1330; baseline 0.006 -3"><span class='ocrx_word' id='word_1_42' title='bbox 552 1273 632 1329; x_wconf 83' lang='lat' dir='ltr'>Iter.</span> <span class='ocrx_word' id='word_1_43' title='bbox 663 1275 780 1330; x_wconf 79' lang='lat' dir='ltr'>Actus.</span> <span class='ocrx_word' id='word_1_44' title='bbox 812 1275 886 1329; x_wconf 79' lang='lat' dir='ltr'><strong>Via.</strong></span> 
     </span>
     <span class='ocr_line' id='line_1_10' title="bbox 334 1383 1158 1454; baseline -0.002 -16"><span class='ocrx_word' id='word_1_45' title='bbox 334 1385 393 1439; x_wconf 81' lang='lat' dir='ltr'>Iter</span> <span class='ocrx_word' id='word_1_46' title='bbox 406 1388 458 1447; x_wconf 74' lang='lat' dir='ltr'>est,</span> <span class='ocrx_word' id='word_1_47' title='bbox 477 1401 532 1452; x_wconf 80' lang='lat' dir='ltr'>qua</span> <span class='ocrx_word' id='word_1_48' title='bbox 544 1383 606 1452; x_wconf 86' lang='lat' dir='ltr'>quis</span> <span class='ocrx_word' id='word_1_49' title='bbox 619 1384 707 1452; x_wconf 88' lang='lat' dir='ltr'>pedes</span> <span class='ocrx_word' id='word_1_50' title='bbox 719 1386 764 1439; x_wconf 90' lang='lat' dir='ltr'>vel</span> <span class='ocrx_word' id='word_1_51' title='bbox 777 1401 864 1453; x_wconf 80' lang='lat' dir='ltr'>eques</span> <span class='ocrx_word' id='word_1_52' title='bbox 878 1402 1037 1439; x_wconf 78' lang='lat' dir='ltr'>commeare</span> <span class='ocrx_word' id='word_1_53' title='bbox 1050 1387 1158 1454; x_wconf 75' lang='lat' dir='ltr'>potest.</span> 
     </span>
    </p>
   </div>
   <div class='ocr_carea' id='block_1_6' title="bbox 282 1469 1161 2566">
    <p class='ocr_par' dir='ltr' id='par_1_7' title="bbox 440 1469 1122 1538">
     <span class='ocr_line' id='line_1_11' title="bbox 440 1469 1122 1538; baseline 0 -16"><span class='ocrx_word' id='word_1_54' title='bbox 440 1469 653 1523; x_wconf 77' lang='lat' dir='ltr'>Menusumus:</span> <span class='ocrx_word' id='word_1_55' title='bbox 673 1471 689 1524; x_wconf 84' lang='lat' dir='ltr'>l.</span> <span class='ocrx_word' id='word_1_56' title='bbox 710 1478 740 1524; x_wconf 73' lang='lat'>12</span> <span class='ocrx_word' id='word_1_57' title='bbox 760 1471 793 1524; x_wconf 86' lang='lat' dir='ltr'>D.</span> <span class='ocrx_word' id='word_1_58' title='bbox 812 1473 845 1524; x_wconf 80' lang='lat' dir='ltr'>de</span> <span class='ocrx_word' id='word_1_59' title='bbox 861 1487 930 1524; x_wconf 78' lang='lat' dir='ltr'><strong><em>serv.</em></strong></span> <span class='ocrx_word' id='word_1_60' title='bbox 944 1488 991 1538; x_wconf 79' lang='lat' dir='ltr'>pr.</span> <span class='ocrx_word' id='word_1_61' title='bbox 1010 1488 1033 1524; x_wconf 84' lang='lat' dir='ltr'>r.</span> <span class='ocrx_word' id='word_1_62' title='bbox 1053 1477 1078 1532; x_wconf 82' lang='lat'>8,</span> <span class='ocrx_word' id='word_1_63' title='bbox 1098 1477 1122 1523; x_wconf 82' lang='lat'>3.</span> 
     </span>
    </p>

    <p class='ocr_par' dir='ltr' id='par_1_8' title="bbox 334 1554 1157 1712">
     <span class='ocr_line' id='line_1_12' title="bbox 334 1554 1157 1611; baseline -0.002 -1"><span class='ocrx_word' id='word_1_64' title='bbox 334 1555 393 1610; x_wconf 76' lang='lat' dir='ltr'>Iter</span> <span class='ocrx_word' id='word_1_65' title='bbox 411 1555 515 1609; x_wconf 75' lang='lat' dir='ltr'>estius</span> <span class='ocrx_word' id='word_1_66' title='bbox 535 1555 620 1611; x_wconf 89' lang='lat' dir='ltr'>eundi</span> <span class='ocrx_word' id='word_1_67' title='bbox 639 1554 803 1610; x_wconf 81' lang='lat' dir='ltr'>ambulandi</span> <span class='ocrx_word' id='word_1_68' title='bbox 821 1555 951 1610; x_wconf 75' lang='lat' dir='ltr'>hominiS.</span> <span class='ocrx_word' id='word_1_69' title='bbox 987 1557 1157 1610; x_wconf 77' lang='lat' dir='ltr'>ULPIANUS:</span> 
     </span>
     <span class='ocr_line' id='line_1_13' title="bbox 629 1645 1123 1712; baseline 0.004 -18"><span class='ocrx_word' id='word_1_70' title='bbox 629 1645 646 1695; x_wconf 88' lang='lat' dir='ltr'>l.</span> <span class='ocrx_word' id='word_1_71' title='bbox 668 1653 678 1696; x_wconf 86' lang='lat' dir='ltr'>l</span> <span class='ocrx_word' id='word_1_72' title='bbox 697 1660 740 1712; x_wconf 84' lang='lat' dir='ltr'>pr.</span> <span class='ocrx_word' id='word_1_73' title='bbox 760 1645 793 1698; x_wconf 86' lang='lat' dir='ltr'>D.</span> <span class='ocrx_word' id='word_1_74' title='bbox 812 1645 844 1696; x_wconf 82' lang='lat' dir='ltr'>dc</span> <span class='ocrx_word' id='word_1_75' title='bbox 861 1659 930 1696; x_wconf 79' lang='lat' dir='ltr'><strong><em>serv.</em></strong></span> <span class='ocrx_word' id='word_1_76' title='bbox 948 1659 991 1709; x_wconf 83' lang='lat' dir='ltr'>pr.</span> <span class='ocrx_word' id='word_1_77' title='bbox 1011 1659 1034 1695; x_wconf 88' lang='lat' dir='ltr'>r.</span> <span class='ocrx_word' id='word_1_78' title='bbox 1054 1649 1078 1704; x_wconf 90' lang='lat'>8,</span> <span class='ocrx_word' id='word_1_79' title='bbox 1099 1649 1123 1696; x_wconf 81' lang='lat'>3.</span> 
     </span>
    </p>

    <p class='ocr_par' dir='ltr' id='par_1_9' title="bbox 334 1725 1157 1883">
     <span class='ocr_line' id='line_1_14' title="bbox 334 1725 1157 1795; baseline 0.002 -17"><span class='ocrx_word' id='word_1_80' title='bbox 334 1727 421 1780; x_wconf 82' lang='lat' dir='ltr'>Actus</span> <span class='ocrx_word' id='word_1_81' title='bbox 441 1725 545 1779; x_wconf 82' lang='lat' dir='ltr'>estius</span> <span class='ocrx_word' id='word_1_82' title='bbox 564 1728 667 1795; x_wconf 82' lang='lat' dir='ltr'>agendi</span> <span class='ocrx_word' id='word_1_83' title='bbox 687 1731 731 1783; x_wconf 90' lang='lat' dir='ltr'>vel</span> <span class='ocrx_word' id='word_1_84' title='bbox 749 1729 906 1783; x_wconf 82' lang='lat' dir='ltr'>iumentum</span> <span class='ocrx_word' id='word_1_85' title='bbox 924 1730 970 1783; x_wconf 88' lang='lat' dir='ltr'>vel</span> <span class='ocrx_word' id='word_1_86' title='bbox 985 1727 1157 1782; x_wconf 80' lang='lat' dir='ltr'>vehiculum.</span> 
     </span>
     <span class='ocr_line' id='line_1_15' title="bbox 442 1810 1121 1883; baseline 0.006 -20"><span class='ocrx_word' id='word_1_87' title='bbox 442 1810 644 1866; x_wconf 73' lang='lat' dir='ltr'>UuPIANU821.</span> <span class='ocrx_word' id='word_1_88' title='bbox 665 1823 677 1867; x_wconf 93' lang='lat'>1</span> <span class='ocrx_word' id='word_1_89' title='bbox 693 1830 738 1882; x_wconf 80' lang='lat' dir='ltr'>pr.</span> <span class='ocrx_word' id='word_1_90' title='bbox 757 1815 791 1868; x_wconf 81' lang='grc' dir='ltr'>Ι).</span> <span class='ocrx_word' id='word_1_91' title='bbox 809 1817 842 1868; x_wconf 87' lang='lat' dir='ltr'>de</span> <span class='ocrx_word' id='word_1_92' title='bbox 859 1831 928 1868; x_wconf 77' lang='lat' dir='ltr'><em>serv.</em></span> <span class='ocrx_word' id='word_1_93' title='bbox 945 1831 989 1883; x_wconf 84' lang='lat' dir='ltr'>pr.</span> <span class='ocrx_word' id='word_1_94' title='bbox 1009 1831 1033 1870; x_wconf 84' lang='lat' dir='ltr'>r.</span> <span class='ocrx_word' id='word_1_95' title='bbox 1053 1821 1076 1876; x_wconf 90' lang='lat'>8,</span> <span class='ocrx_word' id='word_1_96' title='bbox 1098 1821 1121 1867; x_wconf 84' lang='lat'>3.</span> 
     </span>
    </p>

    <p class='ocr_par' dir='ltr' id='par_1_10' title="bbox 334 1896 1157 2052">
     <span class='ocr_line' id='line_1_16' title="bbox 334 1896 1157 1967; baseline 0.001 -18"><span class='ocrx_word' id='word_1_97' title='bbox 334 1896 388 1950; x_wconf 81' lang='lat' dir='ltr'>Via</span> <span class='ocrx_word' id='word_1_98' title='bbox 398 1899 442 1951; x_wconf 71' lang='lat' dir='ltr'>est</span> <span class='ocrx_word' id='word_1_99' title='bbox 451 1897 494 1951; x_wconf 86' lang='lat' dir='ltr'>ius</span> <span class='ocrx_word' id='word_1_100' title='bbox 505 1898 590 1952; x_wconf 86' lang='lat' dir='ltr'>eundi</span> <span class='ocrx_word' id='word_1_101' title='bbox 600 1900 630 1952; x_wconf 76' lang='lat' dir='ltr'>et</span> <span class='ocrx_word' id='word_1_102' title='bbox 640 1899 744 1967; x_wconf 78' lang='lat' dir='ltr'>agendi</span> <span class='ocrx_word' id='word_1_103' title='bbox 754 1904 783 1954; x_wconf 79' lang='lat' dir='ltr'>et</span> <span class='ocrx_word' id='word_1_104' title='bbox 793 1899 963 1954; x_wconf 80' lang='lat' dir='ltr'>ambulandi.</span> <span class='ocrx_word' id='word_1_105' title='bbox 986 1899 1157 1952; x_wconf 74' lang='lat' dir='ltr'>Uumuus:</span> 
     </span>
     <span class='ocr_line' id='line_1_17' title="bbox 629 1985 1122 2052; baseline 0.006 -16"><span class='ocrx_word' id='word_1_106' title='bbox 629 1985 645 2036; x_wconf 84' lang='lat' dir='ltr'>l.</span> <span class='ocrx_word' id='word_1_107' title='bbox 666 1993 677 2037; x_wconf 95' lang='lat'>1</span> <span class='ocrx_word' id='word_1_108' title='bbox 694 2001 741 2051; x_wconf 77' lang='lat' dir='ltr'>pr.</span> <span class='ocrx_word' id='word_1_109' title='bbox 760 1986 792 2038; x_wconf 79' lang='lat' dir='ltr'>J).</span> <span class='ocrx_word' id='word_1_110' title='bbox 811 1987 844 2038; x_wconf 83' lang='lat' dir='ltr'>de</span> <span class='ocrx_word' id='word_1_111' title='bbox 861 2002 929 2038; x_wconf 82' lang='lat' dir='ltr'><strong><em>serv.</em></strong></span> <span class='ocrx_word' id='word_1_112' title='bbox 943 2002 991 2052; x_wconf 80' lang='lat' dir='ltr'>pr.</span> <span class='ocrx_word' id='word_1_113' title='bbox 1010 2002 1033 2038; x_wconf 92' lang='lat' dir='ltr'>r.</span> <span class='ocrx_word' id='word_1_114' title='bbox 1053 1991 1077 2049; x_wconf 90' lang='lat'>8,</span> <span class='ocrx_word' id='word_1_115' title='bbox 1097 1993 1122 2039; x_wconf 88' lang='lat'>3.</span> 
     </span>
    </p>

    <p class='ocr_par' dir='ltr' id='par_1_11' title="bbox 335 2065 1159 2232">
     <span class='ocr_line' id='line_1_18' title="bbox 335 2065 1159 2132; baseline 0.007 -14"><span class='ocrx_word' id='word_1_116' title='bbox 335 2065 389 2130; x_wconf 81' lang='lat' dir='ltr'>Qui</span> <span class='ocrx_word' id='word_1_117' title='bbox 407 2068 502 2120; x_wconf 77' lang='lat' dir='ltr'>actum</span> <span class='ocrx_word' id='word_1_118' title='bbox 519 2068 615 2132; x_wconf 76' lang='lat' dir='ltr'>habeb,</span> <span class='ocrx_word' id='word_1_119' title='bbox 634 2072 663 2123; x_wconf 76' lang='lat' dir='ltr'>et</span> <span class='ocrx_word' id='word_1_120' title='bbox 680 2070 734 2124; x_wconf 77' lang='lat' dir='ltr'>iter</span> <span class='ocrx_word' id='word_1_121' title='bbox 745 2071 833 2125; x_wconf 78' lang='lat' dir='ltr'>habet</span> <span class='ocrx_word' id='word_1_122' title='bbox 846 2071 933 2125; x_wconf 75' lang='lat' dir='ltr'>etiam</span> <span class='ocrx_word' id='word_1_123' title='bbox 945 2070 1005 2125; x_wconf 85' lang='lat' dir='ltr'>siue</span> <span class='ocrx_word' id='word_1_124' title='bbox 1018 2071 1159 2125; x_wconf 75' lang='lat' dir='ltr'>iumento.</span> 
     </span>
     <span class='ocr_line' id='line_1_19' title="bbox 441 2151 1121 2232; baseline 0.01 -29"><span class='ocrx_word' id='word_1_125' title='bbox 441 2151 606 2206; x_wconf 77' lang='lat' dir='ltr'>UuPIAuus:</span> <span class='ocrx_word' id='word_1_126' title='bbox 626 2157 642 2207; x_wconf 88' lang='lat' dir='ltr'>l.</span> <span class='ocrx_word' id='word_1_127' title='bbox 664 2163 675 2208; x_wconf 93' lang='lat'>1</span> <span class='ocrx_word' id='word_1_128' title='bbox 694 2171 737 2223; x_wconf 86' lang='lat' dir='ltr'>pr.</span> <span class='ocrx_word' id='word_1_129' title='bbox 756 2157 789 2232; x_wconf 75' lang='grc' dir='ltr'>Ι)ΙΙ</span> <span class='ocrx_word' id='word_1_130' title='bbox 808 2157 841 2208; x_wconf 84' lang='lat' dir='ltr'>de</span> <span class='ocrx_word' id='word_1_131' title='bbox 859 2173 928 2210; x_wconf 80' lang='lat' dir='ltr'><em>serv.</em></span> <span class='ocrx_word' id='word_1_132' title='bbox 941 2172 989 2224; x_wconf 84' lang='lat' dir='ltr'>pr.</span> <span class='ocrx_word' id='word_1_133' title='bbox 1009 2172 1032 2210; x_wconf 89' lang='lat' dir='ltr'>r.</span> <span class='ocrx_word' id='word_1_134' title='bbox 1052 2163 1076 2218; x_wconf 77' lang='lat'>8,</span> <span class='ocrx_word' id='word_1_135' title='bbox 1096 2164 1121 2210; x_wconf 83' lang='lat'>3.</span> 
     </span>
    </p>

    <p class='ocr_par' dir='ltr' id='par_1_12' title="bbox 336 2234 1160 2394">
     <span class='ocr_line' id='line_1_20' title="bbox 336 2234 1160 2309; baseline 0.008 -21"><span class='ocrx_word' id='word_1_136' title='bbox 336 2234 390 2299; x_wconf 80' lang='lat' dir='ltr'>Qui</span> <span class='ocrx_word' id='word_1_137' title='bbox 412 2236 500 2290; x_wconf 73' lang='lat' dir='ltr'>habeb</span> <span class='ocrx_word' id='word_1_138' title='bbox 521 2237 587 2302; x_wconf 80' lang='lat' dir='ltr'>iter,</span> <span class='ocrx_word' id='word_1_139' title='bbox 611 2243 706 2294; x_wconf 74' lang='lat' dir='ltr'>aetum</span> <span class='ocrx_word' id='word_1_140' title='bbox 728 2258 784 2294; x_wconf 89' lang='lat' dir='ltr'>non</span> <span class='ocrx_word' id='word_1_141' title='bbox 806 2241 902 2296; x_wconf 81' lang='lat' dir='ltr'>habet.</span> <span class='ocrx_word' id='word_1_142' title='bbox 933 2258 980 2309; x_wconf 80' lang='lat' dir='ltr'>pr.</span> <span class='ocrx_word' id='word_1_143' title='bbox 1000 2242 1025 2295; x_wconf 91' lang='lat' dir='ltr'>J.</span> <span class='ocrx_word' id='word_1_144' title='bbox 1045 2245 1160 2308; x_wconf 81' lang='lat' dir='ltr'>dejure</span> 
     </span>
     <span class='ocr_line' id='line_1_21' title="bbox 935 2330 1123 2394; baseline 0.027 -17"><span class='ocrx_word' id='word_1_145' title='bbox 935 2330 1033 2394; x_wconf 77' lang='lat' dir='ltr'>praed.</span> <span class='ocrx_word' id='word_1_146' title='bbox 1053 2335 1077 2390; x_wconf 80' lang='lat'>2,</span> <span class='ocrx_word' id='word_1_147' title='bbox 1097 2335 1123 2382; x_wconf 83' lang='lat'>3.</span> 
     </span>
    </p>

    <p class='ocr_par' dir='ltr' id='par_1_13' title="bbox 336 2407 1161 2480">
     <span class='ocr_line' id='line_1_22' title="bbox 336 2407 1161 2480; baseline 0.011 -22"><span class='ocrx_word' id='word_1_148' title='bbox 336 2407 389 2470; x_wconf 71' lang='lat' dir='ltr'>Qui</span> <span class='ocrx_word' id='word_1_149' title='bbox 416 2407 503 2461; x_wconf 73' lang='lat' dir='ltr'>habet</span> <span class='ocrx_word' id='word_1_150' title='bbox 528 2408 673 2472; x_wconf 82' lang='lat' dir='ltr'>haustum,</span> <span class='ocrx_word' id='word_1_151' title='bbox 700 2410 755 2464; x_wconf 80' lang='lat' dir='ltr'>iter</span> <span class='ocrx_word' id='word_1_152' title='bbox 777 2428 889 2480; x_wconf 89' lang='lat' dir='ltr'>quoque</span> <span class='ocrx_word' id='word_1_153' title='bbox 911 2411 1019 2469; x_wconf 81' lang='lat' dir='ltr'>habere</span> <span class='ocrx_word' id='word_1_154' title='bbox 1043 2411 1161 2467; x_wconf 79' lang='lat' dir='ltr'>videtur</span> 
     </span>
    </p>

    <p class='ocr_par' dir='ltr' id='par_1_14' title="bbox 282 2490 1160 2566">
     <span class='ocr_line' id='line_1_23' title="bbox 282 2490 1160 2566; baseline 0.007 -22"><span class='ocrx_word' id='word_1_155' title='bbox 282 2490 321 2544; x_wconf 82' lang='lat' dir='ltr'>ad</span> <span class='ocrx_word' id='word_1_156' title='bbox 342 2490 536 2546; x_wconf 85' lang='lat' dir='ltr'>hauriendum.</span> <span class='ocrx_word' id='word_1_157' title='bbox 571 2493 736 2548; x_wconf 72' lang='lat' dir='ltr'>ULPIANUS:</span> <span class='ocrx_word' id='word_1_158' title='bbox 764 2497 780 2548; x_wconf 84' lang='lat' dir='ltr'>l.</span> <span class='ocrx_word' id='word_1_159' title='bbox 800 2503 814 2549; x_wconf 84' lang='lat'><strong>3</strong></span> <span class='ocrx_word' id='word_1_160' title='bbox 839 2497 942 2565; x_wconf 65' lang='lat'><em>531).</em></span> <span class='ocrx_word' id='word_1_161' title='bbox 966 2501 999 2551; x_wconf 82' lang='lat' dir='ltr'>de</span> <span class='ocrx_word' id='word_1_162' title='bbox 1021 2514 1090 2552; x_wconf 79' lang='lat' dir='ltr'><strong><em>serv.</em></strong></span> <span class='ocrx_word' id='word_1_163' title='bbox 1109 2514 1160 2566; x_wconf 81' lang='lat' dir='ltr'>pr.</span> 
     </span>
    </p>
   </div>
   <div class='ocr_carea' id='block_1_7' title="bbox 1009 2589 1122 2643">
    <p class='ocr_par' dir='ltr' id='par_1_15' title="bbox 1009 2589 1122 2643">
     <span class='ocr_line' id='line_1_24' title="bbox 1009 2589 1122 2643; baseline 0.018 -9"><span class='ocrx_word' id='word_1_164' title='bbox 1009 2599 1032 2635; x_wconf 91' lang='lat' dir='ltr'>r.</span> <span class='ocrx_word' id='word_1_165' title='bbox 1052 2589 1077 2643; x_wconf 86' lang='lat'>8,</span> <span class='ocrx_word' id='word_1_166' title='bbox 1097 2590 1122 2636; x_wconf 80' lang='lat'>3.</span> 
     </span>
    </p>
   </div>
   <div class='ocr_carea' id='block_1_8' title="bbox 348 2735 1092 2798">
    <p class='ocr_par' dir='ltr' id='par_1_16' title="bbox 348 2735 1092 2798">
     <span class='ocr_line' id='line_1_25' title="bbox 348 2735 1092 2798; baseline 0.015 -10"><span class='ocrx_word' id='word_1_167' title='bbox 348 2735 467 2790; x_wconf 86' lang='lat' dir='ltr'>Iudex.</span> <span class='ocrx_word' id='word_1_168' title='bbox 498 2737 679 2795; x_wconf 82' lang='lat' dir='ltr'>Iudicium.</span> <span class='ocrx_word' id='word_1_169' title='bbox 710 2741 918 2798; x_wconf 82' lang='lat' dir='ltr'>Iurisdiotio.</span> <span class='ocrx_word' id='word_1_170' title='bbox 950 2743 1092 2798; x_wconf 78' lang='lat' dir='ltr'>Forum.</span> 
     </span>
    </p>
   </div>
   <div class='ocr_carea' id='block_1_9' title="bbox 336 2845 1164 2919">
    <p class='ocr_par' dir='ltr' id='par_1_17' title="bbox 336 2845 1164 2919">
     <span class='ocr_line' id='line_1_26' title="bbox 336 2845 1164 2919; baseline 0.012 -21"><span class='ocrx_word' id='word_1_171' title='bbox 336 2845 400 2899; x_wconf 88' lang='lat' dir='ltr'>Non</span> <span class='ocrx_word' id='word_1_172' title='bbox 418 2848 564 2917; x_wconf 66' lang='lat' dir='ltr'>exemplu,</span> <span class='ocrx_word' id='word_1_173' title='bbox 584 2851 634 2904; x_wconf 88' lang='lat' dir='ltr'>sed</span> <span class='ocrx_word' id='word_1_174' title='bbox 651 2850 762 2919; x_wconf 82' lang='lat' dir='ltr'>legibus</span> <span class='ocrx_word' id='word_1_175' title='bbox 782 2855 825 2906; x_wconf 75' lang='lat' dir='ltr'>est</span> <span class='ocrx_word' id='word_1_176' title='bbox 842 2852 1036 2907; x_wconf 82' lang='lat' dir='ltr'>iudicandum.</span> <span class='ocrx_word' id='word_1_177' title='bbox 1075 2855 1104 2907; x_wconf 83' lang='lat' dir='ltr'>L.</span> <span class='ocrx_word' id='word_1_178' title='bbox 1128 2862 1164 2908; x_wconf 74' lang='lat'>1³</span> 
     </span>
    </p>
   </div>
   <div class='ocr_carea' id='block_1_10' title="bbox 338 2937 1123 3073">
    <p class='ocr_par' dir='ltr' id='par_1_18' title="bbox 338 2937 1123 3073">
     <span class='ocr_line' id='line_1_27' title="bbox 810 2937 1123 3002; baseline 0.006 -12"><span class='ocrx_word' id='word_1_179' title='bbox 810 2937 836 2990; x_wconf 81' lang='lat'>0.</span> <span class='ocrx_word' id='word_1_180' title='bbox 854 2939 886 2991; x_wconf 79' lang='lat' dir='ltr'>de</span> <span class='ocrx_word' id='word_1_181' title='bbox 903 2943 1014 2992; x_wconf 80' lang='lat' dir='ltr'>sentent.</span> <span class='ocrx_word' id='word_1_182' title='bbox 1034 2947 1058 3002; x_wconf 80' lang='lat'>7,</span> <span class='ocrx_word' id='word_1_183' title='bbox 1079 2946 1123 2992; x_wconf 75' lang='lat'>45.</span> 
     </span>
     <span class='ocr_line' id='line_1_28' title="bbox 338 3016 602 3073; baseline 0.015 -5"><span class='ocrx_word' id='word_1_184' title='bbox 338 3016 404 3069; x_wconf 84' lang='lat' dir='ltr'>Iura</span> <span class='ocrx_word' id='word_1_185' title='bbox 422 3017 501 3071; x_wconf 77' lang='lat' dir='ltr'><strong>novit</strong></span> <span class='ocrx_word' id='word_1_186' title='bbox 518 3017 602 3073; x_wconf 78' lang='lat' dir='ltr'>ouria.</span> 
     </span>
    </p>
   </div>
   <div class='ocr_carea' id='block_1_11' title="bbox 0 0 1363 3558">
    <p class='ocr_par' dir='ltr' id='par_1_19' title="bbox 0 0 1363 3558">
     <span class='ocr_line' id='line_1_29' title="bbox 0 0 1363 3558; baseline 0 0"><span class='ocrx_word' id='word_1_187' title='bbox 0 0 1363 3558; x_wconf 95' lang='lat' dir='ltr'> </span> 
     </span>
    </p>
   </div>
  </div>
 </body>
</html>
