2666 3560
518 375 520 380 -
630 327 692 392 155

274 493 364 562 ¹Nemo
382 499 488 550 mv1tus
506 495 687 565 compellitur
705 496 742 550 ad
760 495 995 550 communionem.

199 613 211 624 κ
297 580 463 637 Uinnius:
481 585 498 635 1.
518 589 549 637 26
569 583 586 650 ξ
605 583 673 636 41).
692 584 725 636 de
743 585 852 636 condiet.
871 582 956 638 ἐφιᾶσί).
976 589 1015 646 12,
1035 589 1057 636 6.

276 666 390 721 Solvere
403 684 455 737 pro
467 667 615 737 ignorante
630 670 659 722 et
670 666 758 721 invito
772 666 873 735 cuique
886 667 961 722 licet.
986 666 1092 721 enus:

607 749 608 752 ’
688 755 705 806 1.
725 760 757 808 53
775 753 809 806 D.
827 755 954 806 desolat.
973 760 1014 814 46,
1035 761 1058 807 3.

276 837 416 892 Solvendo
436 838 556 907 quisque
574 857 626 909 pro
645 839 700 893 alio
719 839 788 894 licet
799 838 888 893 invito
901 842 930 892 et
942 839 1092 907 ignorante

222 922 326 977 liberat
343 941 416 978 eum.
453 923 560 978 GAIUS:
578 927 596 979 1.
616 931 647 980 33
667 926 700 978 Ι).
719 927 752 978 de
769 932 852 991 necat.
869 927 951 992 uestis
970 931 992 986 3,
1012 931 1035 978 5.

275 1008 385 1063 Invitus
404 1027 490 1079 egere
508 1011 555 1064 vel
573 1026 723 1064 accussare
741 1027 825 1064 nemo
844 1013 970 1078 cogatur.
1002 1009 1031 1062 L.
1050 1027 1093 1063 un.

696 1097 722 1148 C.
741 1100 769 1148 ut
787 1110 860 1148 acmo
878 1097 974 1147 incitus
992 1103 1015 1156 3,
1035 1103 1058 1148 7.

276 1179 382 1234 Invitus
404 1197 488 1236 nemo
511 1197 571 1235 rem
594 1181 705 1250 cogitur
727 1179 888 1234 defendere.
927 1179 1092 1236 uernans:

590 1269 608 1321 l.
630 1273 677 1322 156
691 1283 738 1334 pr.
757 1266 790 1319 1).
809 1267 842 1318 dc
860 1266 997 1330 R.J.50,
1018 1275 1057 1322 1⁷.

444 1429 529 1484 Vox.
564 1428 689 1485 Verba.
725 1427 872 1482 Dictum.

275 1535 364 1591 Nemo
388 1537 590 1593 existimandus
615 1541 659 1593 est
682 1536 798 1600 dixisse,
822 1537 900 1606 quod
921 1555 979 1592 non
997 1542 1092 1594 mente

224 1621 382 1690 agitaverit.
419 1623 547 1677 Cursus:
575 1626 591 1677 l.
612 1633 625 1678 7
646 1625 662 1692 5
682 1630 697 1677 2
717 1624 748 1677 1).
767 1625 800 1676 dc
816 1623 911 1690 capell.
931 1626 978 1690 leq.
998 1630 1093 1688 3310.

276 1709 308 1761 In
320 1709 554 1764 conventionibus
569 1707 798 1764 contrahentium
809 1708 986 1762 voluntatem
998 1709 1094 1778 potius

224 1811 310 1860 quam
329 1795 415 1849 verba
434 1795 558 1864 spectari
575 1794 692 1865 placuit.
728 1794 930 1932 Furtumne}
954 1796 972 1848 l.
992 1801 1041 1849 219
1060 1796 1095 1848 D.

805 1881 838 1933 de
862 1881 889 1933 V.
931 1887 1058 1941 .5o,1e.
