2698 3558
603 301 642 364 31

239 467 364 522 Poenam
391 469 566 523 contumacis
594 486 651 523 non
677 467 797 538 petitur,
827 485 911 537 quem
940 469 1062 524 adverse.

188 553 322 608 valetudo
339 554 386 608 vel
403 553 517 608 maioris
536 569 637 608 causae
656 553 806 623 occupatio
824 553 959 608 defendit.

222 638 498 692 Hmoermrms:
517 641 534 692 I.
547 645 579 694 53
593 639 610 708 ὅ
624 645 638 694 2
652 639 685 692 Ι).
704 640 737 692 de
755 655 785 692 re
795 641 922 707 judicato
938 645 980 703 42,
1000 647 1024 698 1.

241 724 428 779 Contumoeee
450 741 507 778 non
529 724 674 788 videntur,
695 723 750 777 nisi
773 723 833 792 qui,
857 741 921 778 cum
943 724 1061 780 obedire

188 810 334 874 deberent,
346 827 405 864 non
418 809 617 878 obsequuntur.
643 807 918 863 Hmoorfflnos:
937 813 954 864 1.
966 816 999 866 tt
1012 811 1029 880 ὅ
1042 817 1060 864 2

653 896 687 949 D.
705 897 738 950 de
756 897 922 962 rejudicare
939 903 981 961 42,
1001 905 1023 952 1.

241 981 400 1034 Contumex
417 997 474 1036 non
492 981 627 1051 appellat.

363 1159 641 1218 convalescentia
662 1160 885 1230 negotiorum.

240 1288 322 1355 Quod
338 1288 421 1343 initio
439 1288 572 1343 vitiosum
591 1293 642 1353 eet,
660 1306 717 1342 non
735 1292 830 1359 potest
845 1293 937 1346 tractu
949 1293 1061 1360 tempo-

187 1375 226 1429 rie
245 1374 452 1430 convalescere.
490 1373 609 1444 [Regula
626 1374 802 1443 Catonianal.
837 1374 971 1427 Pronus:
990 1376 1006 1428 l.
1026 1381 1061 1430 29

725 1461 1024 1525 stdstdww

240 1545 304 1600 Non
315 1546 441 1602 firmatur
452 1550 543 1602 tractu
555 1546 699 1616 temporie,
718 1546 795 1615 quod
807 1545 842 1601 de
854 1546 914 1600 iure
927 1545 963 1599 ab
976 1545 1061 1600 initio
1169 1575 1172 1584 Δ

189 1648 246 1685 non
265 1632 400 1686 subsistit.
436 1649 458 1687 c.
478 1641 510 1688 18
528 1634 561 1686 de
579 1631 612 1685 R.
630 1632 655 1685 J.
675 1634 702 1684 in
720 1638 762 1686 610
780 1639 804 1694 5,
825 1638 864 1686 12.

242 1716 319 1783 Quae
338 1718 373 1770 ab
391 1717 472 1772 initio
491 1717 599 1771 inutilis
616 1716 671 1770 fuit
687 1716 841 1780 institutio,
865 1733 898 1770 ex
916 1716 1061 1785 postfacto

188 1802 389 1858 convalescere
405 1820 461 1858 non
473 1806 576 1872 potest.
602 1802 737 1856 Llcloms
754 1800 901 1856 emamus:
920 1803 1006 1868 1.,110
1023 1801 1061 1854 D.

775 1889 1023 1951 asthma

544 2049 708 2106 creditor.

240 2159 419 2216 Creditorum
436 2160 627 2230 appellatione
639 2177 696 2214 non
708 2160 739 2214 hi
750 2163 860 2215 tantum
872 2159 1061 2230 accipiuntur‚

188 2245 238 2314 qui
250 2246 401 2315 pecuniam
414 2246 601 2309 crediderunt,
620 2246 670 2300 sed
683 2263 789 2310 omnes,
808 2245 910 2314 quibus
922 2262 957 2299 ex
969 2244 1057 2314 quoli-

187 2332 238 2386 bet
256 2347 341 2386 cauea
359 2331 484 2386 debetur.
520 2330 625 2385 euos:
645 2333 662 2385 Ι.
682 2339 711 2385 11
732 2333 765 2386 Ι).
783 2333 816 2385 de
838 2332 865 2385 V.
885 2331 912 2385 S.
931 2338 972 2395 50,
992 2337 1032 2386 16.

241 2416 371 2473 Creditor
387 2416 411 2470 is
430 2421 481 2481 ert,
500 2416 548 2484 qui
568 2417 733 2487 exceptione
746 2420 885 2498 perpetue
897 2415 1060 2469 submoveri

188 2519 246 2557 non
264 2505 367 2572 potest.
403 2503 536 2556 PAULUS:
555 2505 571 2557 ἱ.
591 2511 622 2558 tt
642 2505 675 2556 I).
694 2505 726 2558 de
749 2503 777 2557 V.
796 2504 823 2558 S.
842 2512 883 2566 50,
903 2508 943 2557 16.

239 2588 406 2642 Debitorum
423 2589 603 2659 pactionibus
622 2589 793 2643 creditorum
810 2587 912 2660 petitio
929 2603 983 2641 nec
995 2585 1058 2640 tolli

189 2691 243 2728 nec
260 2674 363 2728 mutari
380 2678 483 2744 potest.
519 2675 548 2728 L.
568 2681 599 2728 25
622 2675 648 2728 0.
666 2676 802 2742 depactis
820 2681 843 2737 2,
863 2681 886 2728 3.

240 2759 318 2814 Nihil
331 2759 396 2814 dolo
410 2759 533 2814 creditor
544 2759 620 2824 fecit,
634 2759 682 2828 qui
695 2777 776 2813 suum
787 2759 897 2828 recipit.
922 2757 1060 2811 PAULUS:

560 2845 962 2913 1.1eepr.1›.aeR.J.oo‚
983 2851 1022 2898 11.

239 2930 299 2985 Nec
319 2930 473 2986 creditores
491 2931 625 2986 creditori
643 2931 791 3000 quisquam
808 2930 911 2985 invitus
924 2928 1060 2997 delegere

188 3020 291 3086 potest.
328 3017 357 3070 L
377 3023 391 3070 6
414 3017 491 3090 dde
508 3015 591 3071 novat'.
611 3023 635 3082 8,
653 3024 694 3072 42.
