2666 3560
594 346 634 410 91

233 511 313 566 Idem
332 530 366 567 ex
383 515 465 582 purte
483 516 605 568 testatus
626 518 654 569 et
673 532 707 569 ex
724 517 805 584 perte
827 515 979 570 intestatus
1004 517 1051 570 de-

183 596 283 654 cedere
301 598 399 666 nequit
415 598 471 652 nisi
489 599 526 653 sit
543 600 634 654 miles.
662 601 745 668 §51
763 602 796 654 de
812 601 868 655 ter.
888 604 947 655 inst.
967 609 990 665 2,
1011 611 1050 658 14.

231 682 414 753 Privilegium
435 683 557 738 militum
579 685 616 738 ed
639 685 762 740 alienum
786 684 919 740 iniuriam
944 687 1052 758 porrigi

180 784 238 822 non
251 771 371 838 oportet.
398 770 597 823 PAPIrunuus:
617 771 725 826 1401).
744 773 948 825 circumierat.
968 780 1008 836 26,
1028 782 1051 832 1,

441 966 601 1022 Minores.
632 967 794 1024 Puberes.

231 1109 385 1164 Minoribus
411 1115 489 1166 aeter
512 1111 542 1164 in
565 1111 675 1166 demnis
699 1111 862 1176 subvenire,
886 1129 944 1166 non
966 1113 1050 1167 rebus

178 1211 316 1264 prospere
335 1195 422 1266 gestis
442 1195 542 1252 obesse
562 1197 718 1252 consuevit.
746 1198 775 1252 l.
795 1204 827 1252 14
848 1198 874 1251 O.
893 1200 926 1250 de
939 1213 1051 1265 procur.

934 1290 956 1344 2,
979 1289 1016 1338 13.

235 1365 383 1420 Curatores
402 1370 497 1421 autem
515 1367 638 1422 minores
658 1367 798 1438 sibiipsis
816 1371 924 1438 petent.

268 1451 476 1504 Monnsrruus:
496 1455 547 1506 12
566 1454 583 1521 ξ
602 1454 668 1507 41).
687 1457 732 1522 qut
744 1459 847 1522 petant.
866 1459 912 1507 tut.
932 1461 973 1516 26,
993 1461 1016 1508 6.

232 1535 318 1590 Inviti
330 1536 527 1592 adolescentes
541 1540 685 1593 curatores
697 1556 755 1594 non
769 1539 914 1609 accipiunt
924 1542 1048 1608 proeter-

178 1637 265 1688 quam
282 1622 311 1675 in
329 1621 417 1676 litem.
453 1624 470 1692 fi
490 1630 505 1677 2
523 1624 548 1677 J.
567 1627 600 1677 de
617 1630 734 1678 mirator.
754 1633 776 1688 1,
796 1631 836 1679 2³.

564 1819 671 1875 More.

231 1944 312 1998 Mora
329 1949 374 2000 est
390 1945 497 2002 iniusta
515 1946 614 2002 dilatio
631 1947 661 2000 in
673 1947 855 2016 adimplenda
868 1946 1049 2016 obligatione.

232 2030 311 2083 Mora
328 2031 388 2085 fieri
405 2031 525 2096 videtur,
544 2049 608 2086 cum
625 2033 783 2102 postulanti
800 2049 858 2086 non
876 2032 965 2086 detur.

604 2118 738 2171 Pronus:
758 2118 829 2172 Seni.
848 2119 903 2183 III,
920 2125 935 2171 8
956 2119 972 2186 §
992 2125 1015 2171 4.

231 2201 264 2254 In
283 2201 413 2256 omnibus
433 2203 525 2257 causis
542 2221 595 2274 pro
619 2205 694 2259 fecto
717 2203 856 2273 accipitur
876 2202 919 2266 id,
941 2202 971 2256 in
994 2220 1049 2271 quo

178 2303 231 2354 per
248 2285 334 2339 alium
352 2305 432 2342 more
449 2289 493 2352 fit,
517 2288 667 2356 quominus
684 2289 741 2344 fiet.
777 2289 962 2342 POMPONIUS:
981 2290 998 2342 l.
1018 2295 1049 2343 39

714 2376 747 2431 D.
766 2377 799 2428 dc
817 2375 851 2428 R.
869 2375 894 2428 J.
914 2381 954 2436 50,
977 2382 1015 2428 11.

231 2455 294 2510 Non
313 2457 436 2512 enimin
452 2475 532 2512 mora
551 2461 596 2514 est
612 2459 652 2524 ἱε,
674 2477 691 2512 u
714 2477 770 2528 quo
793 2458 915 2528 pecunia
934 2462 1051 2528 propter

179 2542 376 2610 exceptionem
404 2543 463 2612 peti
489 2561 549 2598 non
573 2548 678 2614 potest.
713 2545 847 2598 Prionos:
871 2548 888 2600 l.
907 2547 994 2602 401).
1017 2549 1050 2600 dc

741 2631 820 2684 rebus
838 2634 909 2685 cred.
933 2639 972 2695 12,
994 2640 1014 2686 1.

230 2712 294 2767 Non
312 2717 357 2768 est
373 2713 404 2766 in
420 2731 507 2778 mora,
527 2715 575 2783 qui
591 2719 687 2784 potest
700 2716 867 2785 exceptione
879 2717 1006 2786 legitima
1019 2735 1048 2772 sc

178 2797 261 2852 tueri.
296 2816 317 2852 c.
337 2805 369 2854 60
388 2802 420 2853 de
439 2802 472 2854 R.
492 2801 516 2854 J.
536 2803 562 2852 in
581 2807 623 2856 tto
641 2810 665 2865 5,
686 2808 724 2855 12.

230 2883 315 2938 Nullo
332 2884 501 2955 intelligitur
517 2903 597 2940 moro
613 2886 654 2940 ibi
676 2885 749 2950 fieri,
773 2886 822 2942 ubi
846 2886 924 2940 nulle
946 2887 1048 2956 petitio

178 2972 231 3024 est.
267 2969 436 3023 Sonnvonn:
456 2973 474 3024 l.
493 2977 526 3027 88
546 2972 578 3026 Ι).
596 2974 629 3026 de
648 2973 683 3030 R.
699 2972 725 3026 J.
744 2979 785 3036 50,
805 2981 845 3027 11.

231 3053 295 3108 Non
319 3071 414 3120 omne,
438 3056 514 3124 quod
537 3055 687 3112 differendi
710 3075 796 3112 cause
814 3057 922 3126 optimc
939 3057 1048 3112 ratione
