2634 3556
569 343 609 408 25
633 317 636 325 ’

476 517 703 575 confirmatio.

207 646 389 704 continuatio
410 645 734 717 [negotiiperiudicem]
753 663 812 702 non
824 645 954 710 datiura,
973 646 1025 700 sed
1044 706 1047 712 Δ

152 749 198 798 ca,
217 751 291 803 quae
311 737 385 798 sunt,
404 732 520 789 stabilit.

207 819 390 875 Confinmatio
408 818 449 873 nil
467 819 517 874 dat
533 819 607 874 novi.

208 905 290 972 Quod
306 923 365 960 non
383 908 435 968 est,
455 903 612 970 confirman'
628 921 686 958 non
702 907 807 973 potest.

505 1101 678 1156 confusio.

207 1229 342 1284 Confnsio
370 1232 427 1293 est,
455 1245 519 1283 cum
546 1212 656 1284 debitor
683 1231 712 1284 et
739 1226 861 1284 creditor
882 1244 940 1282 nna
961 1244 1023 1297 per·

156 1331 225 1370 eona
242 1315 282 1370 fit.
827 1328 832 1339 “

205 1399 378 1464 Gonfneione
399 1400 518 1470 perinde
541 1399 715 1470 extinguitur
738 1385 877 1470 obligatio
896 1415 930 1452 ac
949 1399 1023 1455 eolu-
1129 1445 1131 1450 .

156 1485 242 1546 tione.
279 1485 453 1540 Tumulus
472 1485 627 1541 cnnnnns:
655 1488 671 1540 l.
694 1493 724 1540 21
751 1485 768 1554 g
793 1494 803 1540 1
829 1487 863 1539 1).
889 1487 921 1540 de
948 1486 1023 1539 liter.

837 1573 885 1639 leq.
904 1578 945 1634 34,
964 1576 987 1624 3.

504 1721 672 1790 connexa.

208 1843 344 1899 connexa
360 1844 501 1898 habentur
518 1861 570 1914 pro
588 1860 653 1898 uno.

207 1930 404 1984 Connexoruin
420 1927 497 1983 idem
515 1932 560 1984 est
572 1928 716 1984 iudicium.

475 2107 701 2164 connubium.
736 2105 738 2107 ’

209 2235 389 2290 Connubium
408 2239 452 2290 est
468 2235 590 2290 facultas
609 2241 702 2290 uxon's
719 2235 780 2290 iure
799 2235 954 2290 ducendae.

548 2320 726 2374 ‘ULPIANUS
741 2323 839 2390 sraqm.
857 2326 874 2374 t.
894 2330 909 2376 5
929 2322 945 2390 ὅ
965 2327 989 2376 3.

445 2500 737 2569 consanguinitas.

206 2627 441 2697 Consanguineos
465 2627 579 2684 Cassius
603 2628 701 2682 definit
724 2645 786 2693 eos,
813 2628 861 2696 qui
885 2625 1046 2698 sanguine.

154 2711 277 2772 intense
297 2713 416 2767 connexi
435 2718 508 2769 sunt.
534 2714 699 2768 Unnnnns:
718 2717 763 2771 tl
784 2715 847 2784 §10
866 2715 899 2768 D.
918 2717 951 2768 de
967 2716 1024 2766 suis

700 2807 726 2855 et
743 2803 792 2868 leq.
810 2799 867 2853 ter.
886 2805 927 2863 38,
948 2806 987 2853 16.

206 2882 395 2940 Necessitudo
423 2885 679 2956 consanguinitatis
702 2885 845 2941 natalibus
868 2886 914 2940 vel
936 2884 1022 2952 adop·

156 2966 241 3023 tionis
270 2969 441 3026 solennitate
469 2970 657 3042 coniungitur.
699 2974 727 3027 l.
752 2979 782 3027 13
810 2973 836 3026 θ.
862 2974 895 3026 de
910 2966 1024 3040 'probat

903 3067 927 3112 4.
948 3063 987 3111 19.
