2666 3560
569 349 630 413 113

219 518 251 571 In
270 534 321 571 sua
337 519 482 586 potestate
500 533 557 571 non
574 516 687 572 videtur
706 516 825 580 habere,
849 515 898 585 qui
915 519 1036 571 nonest

165 620 237 659 suae
255 603 419 673 potestatis.
446 602 612 656 Uurmuus:
631 604 648 654 l.
667 609 698 658 11
719 603 752 656 1).
771 605 807 655 ad
823 603 871 669 lep.
883 602 936 655 Jul.
956 608 998 664 48,
1011 608 1036 656 5.

219 687 266 742 Lis
284 688 363 742 nulla
381 687 462 742 nobis
479 681 577 757 potest
595 704 656 742 esse
680 705 745 742 oum
763 705 810 749 eo,
838 704 922 755 quem
939 687 970 741 in
987 703 1037 757 po·

163 777 275 830 testate
293 774 438 830 habemus.
475 773 581 828 Game:
600 776 617 827 l.
635 783 652 828 4
670 775 703 827 Ι).
722 776 754 827 de
764 775 878 839 judiciis
896 781 920 834 5,
941 782 963 826 1.

220 859 276 925 Qui
295 858 325 912 in
347 861 492 927 potestate
516 859 631 914 alterius
654 863 710 921 est,
734 858 806 914 nihil
828 876 911 913 suum
928 859 1035 914 habere

164 948 274 1016 potest.
305 943 411 998 Game:
430 947 447 999 I.
467 951 498 1000 10
518 946 535 1014 g
556 954 568 999 1
588 946 621 998 Ι).
634 947 667 998 de
684 947 784 1012 acquir.
803 961 857 998 rer.
876 947 941 998 dom.
954 952 994 1007 41,
1010 952 1031 998 1,

221 1030 277 1096 Qui
293 1030 323 1084 in
340 1033 483 1100 potestate
500 1029 625 1099 parentis
639 1032 683 1084 est
694 1029 838 1099 impubes,
861 1047 897 1084 ne
916 1035 1034 1085 auctore

164 1115 287 1185 quidem
304 1121 385 1185 patre
405 1116 555 1185 obligatur.
578 1117 594 1184 g
609 1123 641 1170 10
659 1115 728 1168 Lde
746 1117 829 1168 inutil.
848 1117 936 1183 stupui.
957 1123 980 1178 3,
994 1121 1036 1170 811.

221 1199 276 1266 Qui
293 1201 323 1254 in
340 1204 483 1270 potestate
500 1200 626 1270 parentis
645 1203 720 1264 sunt,
737 1203 850 1255 mortuo
863 1217 897 1255 eo
910 1201 954 1255 rui
965 1200 1035 1255 iuris

156 1281 251 1341 'fiunt
285 1302 328 1353 pr.
346 1287 371 1340 J.
389 1287 456 1353 quib.
475 1289 539 1338 nrod.
552 1289 602 1353 jus
622 1294 645 1348 1,
666 1293 704 1340 11.

219 1369 376 1434 ι1111111111
393 1370 538 1426 naturales
550 1371 596 1425 vel
609 1371 780 1440 emancipati
797 1388 855 1426 non
873 1371 1043 1440 rediguntur

165 1459 200 1512 in
216 1456 343 1526 patriam
359 1459 541 1526 potestatem.
576 1457 787 1510 Monusrrrus:
806 1458 823 1511 1.
843 1465 874 1512 11
893 1458 927 1511 Ι).
945 1459 978 1510 de
995 1459 1046 1526 tir,

818 1545 864 1609 qai
879 1546 923 1596 sui
941 1551 964 1604 1,
984 1550 1007 1596 6.

226 1627 324 1681 Patria
346 1630 474 1696 potestas
495 1626 655 1697 inpietate
683 1628 781 1692 debet,
807 1645 865 1683 non
891 1627 1044 1683 atrocitate

167 1712 338 1768 consistere.
374 1713 565 1771 Mamertus:
583 1717 600 1768 l.
619 1723 634 1770 t
652 1715 686 1767 I).
705 1717 741 1767 ad
757 1717 805 1781 lep.
824 1711 914 1782 Pomp.
933 1721 975 1777 48,
994 1720 1018 1768 9.
1103 1734 1109 1747 ·

500 1893 714 1960 Praeceptor.

223 2001 421 2072 Praeceptoris
439 2001 528 2056 nimia
546 2002 666 2059 saevitia
685 2003 769 2072 culpa
788 2002 962 2072 adsignatur.

438 2089 601 2145 Psuuuszz
628 2098 642 2144 6
662 2089 694 2142 1).
714 2091 749 2142 ad
765 2090 815 2156 leq.
833 2090 921 2155 Aquil.
941 2096 964 2152 9,
984 2096 1008 2142 2.

508 2267 700 2324 Praedium.

224 2367 334 2436 Nexum
355 2394 413 2430 non
434 2377 505 2432 facit
529 2377 710 2447 praediorum
731 2377 787 2432 nisi
808 2394 942 2447 persona,
970 2394 1043 2446 quae

171 2463 234 2517 iure
253 2461 348 2531 potuit
366 2461 500 2532 obligare.
539 2465 568 2518 L.
586 2471 602 2518 8
624 2465 650 2518 0.
668 2467 694 2516 si
710 2466 862 2517 alienares
880 2470 904 2527 8,
925 2469 965 2518 16.

226 2543 379 2611 Quodlibet
399 2547 547 2618 praedium
568 2548 760 2618 praesumitur
782 2566 842 2604 essa
865 2565 883 2603 a
905 2548 1042 2603 servitute

173 2631 303 2695 liberum,
322 2650 412 2700 usque
431 2633 498 2687 dum
515 2635 651 2703 probetur
668 2635 848 2689 eontrarium.

226 2717 371 2772 Urbanum
392 2717 541 2786 praedium
562 2736 620 2774 non
641 2721 720 2774 locus
742 2720 823 2782 facit,
846 2719 897 2773 sed
914 2717 1044 2772 materia.

413 2803 579 2857 Uatmuus:
598 2807 615 2858 l.
636 2806 787 2860 1881148
810 2805 837 2860 V.
857 2804 884 2858 S.
903 2811 944 2866 50,
967 2810 1007 2858 16.

381 2964 619 3034 Praesoriptio.
654 2965 838 3034 Usuoapio.

225 3073 370 3143 Usuoapio
388 3077 433 3129 est
450 3075 573 3146 adjectio
591 3075 708 3131 dominii
724 3093 778 3145 per
800 3074 1044 3130 continuationem

859 3185 875 3233 8
