<?xml version="1.0" encoding="UTF-8"?>
<!DOCTYPE html PUBLIC "-//W3C//DTD XHTML 1.0 Transitional//EN"
    "http://www.w3.org/TR/xhtml1/DTD/xhtml1-transitional.dtd">
<html xmlns="http://www.w3.org/1999/xhtml" xml:lang="en" lang="en">
 <head>
  <title>
</title>
<meta http-equiv="Content-Type" content="text/html;charset=utf-8" />
  <meta name='ocr-system' content='tesseract 3.04.00' />
  <meta name='ocr-capabilities' content='ocr_page ocr_carea ocr_par ocr_line ocrx_word'/>
</head>
<body>
  <div class='ocr_page' id='page_1' title='image "./regulaeiuris00fromgoog_0154.png"; bbox 0 0 2666 3560; ppageno 0'>
   <div class='ocr_carea' id='block_1_1' title="bbox 554 360 613 422">
    <p class='ocr_par' dir='ltr' id='par_1_1' title="bbox 554 360 613 422">
     <span class='ocr_line' id='line_1_1' title="bbox 554 360 613 422; baseline 0.017 -1"><span class='ocrx_word' id='word_1_1' title='bbox 554 360 613 422; x_wconf 80' lang='lat'>145</span> 
     </span>
    </p>
   </div>
   <div class='ocr_carea' id='block_1_2' title="bbox 152 525 1022 841">
    <p class='ocr_par' dir='ltr' id='par_1_2' title="bbox 152 525 1022 841">
     <span class='ocr_line' id='line_1_2' title="bbox 204 525 1022 596; baseline -0.006 -12"><span class='ocrx_word' id='word_1_2' title='bbox 204 531 276 585; x_wconf 90' lang='lat' dir='ltr'>Dolo</span> <span class='ocrx_word' id='word_1_3' title='bbox 295 530 371 584; x_wconf 88' lang='lat' dir='ltr'>enim</span> <span class='ocrx_word' id='word_1_4' title='bbox 388 529 465 589; x_wconf 85' lang='lat' dir='ltr'>facit,</span> <span class='ocrx_word' id='word_1_5' title='bbox 484 525 533 596; x_wconf 87' lang='lat' dir='ltr'>qui</span> <span class='ocrx_word' id='word_1_6' title='bbox 545 530 644 581; x_wconf 82' lang='lat' dir='ltr'>eontra</span> <span class='ocrx_word' id='word_1_7' title='bbox 654 525 876 581; x_wconf 74' lang='lat' dir='ltr'><strong>transactionem</strong></span> <span class='ocrx_word' id='word_1_8' title='bbox 888 529 1022 596; x_wconf 82' lang='lat' dir='ltr'>expertus</span> 
     </span>
     <span class='ocr_line' id='line_1_3' title="bbox 152 613 1022 687; baseline -0.009 -16"><span class='ocrx_word' id='word_1_9' title='bbox 152 616 276 687; x_wconf 88' lang='lat' dir='ltr'>amplius</span> <span class='ocrx_word' id='word_1_10' title='bbox 293 616 374 685; x_wconf 86' lang='lat' dir='ltr'>petit</span> <span class='ocrx_word' id='word_1_11' title='bbox 409 615 576 668; x_wconf 74' lang='lat' dir='ltr'>ULPIANUS:</span> <span class='ocrx_word' id='word_1_12' title='bbox 595 615 612 666; x_wconf 83' lang='grc' dir='ltr'>Ι.</span> <span class='ocrx_word' id='word_1_13' title='bbox 631 620 663 667; x_wconf 77' lang='lat'>23</span> <span class='ocrx_word' id='word_1_14' title='bbox 682 613 699 680; x_wconf 62' lang='grc' dir='ltr'><strong>ἓ</strong></span> <span class='ocrx_word' id='word_1_15' title='bbox 718 619 733 666; x_wconf 83' lang='grc'><strong>3</strong></span> <span class='ocrx_word' id='word_1_16' title='bbox 752 613 785 665; x_wconf 85' lang='lat' dir='ltr'>D.</span> <span class='ocrx_word' id='word_1_17' title='bbox 803 614 837 665; x_wconf 85' lang='lat' dir='ltr'>de</span> <span class='ocrx_word' id='word_1_18' title='bbox 854 615 963 666; x_wconf 76' lang='lat' dir='ltr'>condiet.</span> <span class='ocrx_word' id='word_1_19' title='bbox 983 615 1022 664; x_wconf 77' lang='lat' dir='ltr'>in-</span> 
     </span>
     <span class='ocr_line' id='line_1_4' title="bbox 827 700 987 761; baseline 0.013 -11"><span class='ocrx_word' id='word_1_20' title='bbox 827 700 882 752; x_wconf 83' lang='lat' dir='ltr'>deb.</span> <span class='ocrx_word' id='word_1_21' title='bbox 905 705 943 761; x_wconf 79' lang='lat'>12,</span> <span class='ocrx_word' id='word_1_22' title='bbox 964 708 987 752; x_wconf 81' lang='grc'>6.</span> 
     </span>
     <span class='ocr_line' id='line_1_5' title="bbox 207 784 771 841; baseline -0.005 0"><span class='ocrx_word' id='word_1_23' title='bbox 207 786 375 841; x_wconf 81' lang='lat' dir='ltr'>Transactio</span> <span class='ocrx_word' id='word_1_24' title='bbox 395 789 439 840; x_wconf 85' lang='lat' dir='ltr'>est</span> <span class='ocrx_word' id='word_1_25' title='bbox 455 785 546 840; x_wconf 86' lang='lat' dir='ltr'>instar</span> <span class='ocrx_word' id='word_1_26' title='bbox 562 784 603 839; x_wconf 88' lang='lat' dir='ltr'>rei</span> <span class='ocrx_word' id='word_1_27' title='bbox 620 784 771 840; x_wconf 85' lang='lat' dir='ltr'>indicatae.</span> 
     </span>
    </p>
   </div>
   <div class='ocr_carea' id='block_1_3' title="bbox 311 993 863 1068">
    <p class='ocr_par' dir='ltr' id='par_1_3' title="bbox 311 993 863 1068">
     <span class='ocr_line' id='line_1_6' title="bbox 311 993 863 1068; baseline 0.002 -15"><span class='ocrx_word' id='word_1_28' title='bbox 311 1000 431 1068; x_wconf 73' lang='lat' dir='ltr'>Turpe.</span> <span class='ocrx_word' id='word_1_29' title='bbox 467 999 591 1054; x_wconf 72' lang='lat' dir='ltr'>contra</span> <span class='ocrx_word' id='word_1_30' title='bbox 613 993 721 1053; x_wconf 88' lang='lat' dir='ltr'>bonos</span> <span class='ocrx_word' id='word_1_31' title='bbox 743 1011 863 1054; x_wconf 81' lang='lat' dir='ltr'>mores.</span> 
     </span>
    </p>
   </div>
   <div class='ocr_carea' id='block_1_4' title="bbox 155 1143 1023 1471">
    <p class='ocr_par' dir='ltr' id='par_1_4' title="bbox 156 1143 1023 1298">
     <span class='ocr_line' id='line_1_7' title="bbox 206 1143 1023 1213; baseline -0.001 -13"><span class='ocrx_word' id='word_1_32' title='bbox 206 1147 308 1208; x_wconf 84' lang='lat' dir='ltr'>Pacta,</span> <span class='ocrx_word' id='word_1_33' title='bbox 332 1162 405 1213; x_wconf 87' lang='lat' dir='ltr'>quae</span> <span class='ocrx_word' id='word_1_34' title='bbox 427 1147 538 1213; x_wconf 83' lang='lat' dir='ltr'>turpem</span> <span class='ocrx_word' id='word_1_35' title='bbox 562 1160 677 1197; x_wconf 82' lang='lat' dir='ltr'>oausam</span> <span class='ocrx_word' id='word_1_36' title='bbox 695 1143 853 1208; x_wconf 74' lang='lat' dir='ltr'>continent,</span> <span class='ocrx_word' id='word_1_37' title='bbox 880 1161 940 1199; x_wconf 88' lang='lat' dir='ltr'>non</span> <span class='ocrx_word' id='word_1_38' title='bbox 959 1147 1023 1199; x_wconf 82' lang='lat' dir='ltr'>sunt</span> 
     </span>
     <span class='ocr_line' id='line_1_8' title="bbox 156 1229 971 1298; baseline -0.002 -12"><span class='ocrx_word' id='word_1_39' title='bbox 156 1231 341 1286; x_wconf 86' lang='lat' dir='ltr'>observanda.</span> <span class='ocrx_word' id='word_1_40' title='bbox 371 1229 504 1283; x_wconf 66' lang='lat' dir='ltr'>Pennus:</span> <span class='ocrx_word' id='word_1_41' title='bbox 523 1232 541 1283; x_wconf 88' lang='lat' dir='ltr'>l.</span> <span class='ocrx_word' id='word_1_42' title='bbox 560 1237 591 1283; x_wconf 73' lang='lat'>27</span> <span class='ocrx_word' id='word_1_43' title='bbox 612 1230 629 1296; x_wconf 62' lang='grc' dir='ltr'><strong>ξ</strong></span> <span class='ocrx_word' id='word_1_44' title='bbox 648 1236 664 1283; x_wconf 82' lang='grc'><strong>4</strong></span> <span class='ocrx_word' id='word_1_45' title='bbox 682 1231 714 1283; x_wconf 84' lang='lat' dir='ltr'>D.</span> <span class='ocrx_word' id='word_1_46' title='bbox 733 1232 868 1298; x_wconf 80' lang='lat' dir='ltr'>depactis</span> <span class='ocrx_word' id='word_1_47' title='bbox 886 1238 910 1293; x_wconf 80' lang='lat'>2,</span> <span class='ocrx_word' id='word_1_48' title='bbox 931 1240 971 1286; x_wconf 85' lang='lat'>14.</span> 
     </span>
    </p>

    <p class='ocr_par' dir='ltr' id='par_1_5' title="bbox 155 1313 1023 1471">
     <span class='ocr_line' id='line_1_9' title="bbox 207 1313 1022 1384; baseline -0.002 -12"><span class='ocrx_word' id='word_1_49' title='bbox 207 1315 375 1372; x_wconf 89' lang='lat' dir='ltr'>Omnimodo</span> <span class='ocrx_word' id='word_1_50' title='bbox 398 1313 559 1368; x_wconf 88' lang='lat' dir='ltr'>huiusmodi</span> <span class='ocrx_word' id='word_1_51' title='bbox 584 1317 683 1383; x_wconf 84' lang='lat' dir='ltr'>pacta,</span> <span class='ocrx_word' id='word_1_52' title='bbox 711 1331 784 1384; x_wconf 87' lang='lat' dir='ltr'>quae</span> <span class='ocrx_word' id='word_1_53' title='bbox 807 1319 906 1370; x_wconf 80' lang='lat' dir='ltr'>contra</span> <span class='ocrx_word' id='word_1_54' title='bbox 931 1317 1022 1372; x_wconf 88' lang='lat' dir='ltr'>bonos</span> 
     </span>
     <span class='ocr_line' id='line_1_10' title="bbox 155 1399 1023 1471; baseline 0.001 -14"><span class='ocrx_word' id='word_1_55' title='bbox 155 1419 248 1458; x_wconf 87' lang='lat' dir='ltr'>mores</span> <span class='ocrx_word' id='word_1_56' title='bbox 266 1401 337 1455; x_wconf 86' lang='lat' dir='ltr'>inita</span> <span class='ocrx_word' id='word_1_57' title='bbox 355 1403 429 1463; x_wconf 84' lang='lat' dir='ltr'>sunt,</span> <span class='ocrx_word' id='word_1_58' title='bbox 447 1399 622 1470; x_wconf 83' lang='lat' dir='ltr'>repelluntur</span> <span class='ocrx_word' id='word_1_59' title='bbox 636 1400 763 1468; x_wconf 85' lang='lat' dir='ltr'>nihilque</span> <span class='ocrx_word' id='word_1_60' title='bbox 780 1417 814 1454; x_wconf 85' lang='lat' dir='ltr'>ex</span> <span class='ocrx_word' id='word_1_61' title='bbox 830 1401 874 1455; x_wconf 84' lang='lat' dir='ltr'>his</span> <span class='ocrx_word' id='word_1_62' title='bbox 887 1403 1023 1471; x_wconf 83' lang='lat' dir='ltr'>pactioni-</span> 
     </span>
    </p>
   </div>
   <div class='ocr_carea' id='block_1_5' title="bbox 40 1487 806 1554">
    <p class='ocr_par' dir='ltr' id='par_1_6' title="bbox 40 1487 806 1554">
     <span class='ocr_line' id='line_1_11' title="bbox 40 1487 806 1554; baseline 0 -13"><span class='ocrx_word' id='word_1_63' title='bbox 40 1545 47 1554; x_wconf 59' lang='grc'>,</span> <span class='ocrx_word' id='word_1_64' title='bbox 154 1489 209 1542; x_wconf 85' lang='lat' dir='ltr'>bns</span> <span class='ocrx_word' id='word_1_65' title='bbox 229 1487 402 1542; x_wconf 85' lang='lat' dir='ltr'>observatur.</span> <span class='ocrx_word' id='word_1_66' title='bbox 439 1487 467 1538; x_wconf 81' lang='lat' dir='ltr'>L.</span> <span class='ocrx_word' id='word_1_67' title='bbox 487 1493 520 1540; x_wconf 81' lang='lat'>30</span> <span class='ocrx_word' id='word_1_68' title='bbox 541 1487 566 1540; x_wconf 81' lang='lat' dir='ltr'>C.</span> <span class='ocrx_word' id='word_1_69' title='bbox 585 1488 721 1553; x_wconf 77' lang='lat' dir='ltr'>depactis</span> <span class='ocrx_word' id='word_1_70' title='bbox 741 1493 763 1549; x_wconf 83' lang='lat'>2,</span> <span class='ocrx_word' id='word_1_71' title='bbox 782 1494 806 1541; x_wconf 84' lang='lat'>3.</span> 
     </span>
    </p>
   </div>
   <div class='ocr_carea' id='block_1_6' title="bbox 207 1571 1023 1641">
    <p class='ocr_par' dir='ltr' id='par_1_7' title="bbox 207 1571 1023 1641">
     <span class='ocr_line' id='line_1_12' title="bbox 207 1571 1023 1641; baseline 0.002 -15"><span class='ocrx_word' id='word_1_72' title='bbox 207 1572 308 1635; x_wconf 82' lang='lat' dir='ltr'>Pacta,</span> <span class='ocrx_word' id='word_1_73' title='bbox 339 1587 412 1640; x_wconf 85' lang='lat' dir='ltr'>quae</span> <span class='ocrx_word' id='word_1_74' title='bbox 440 1574 539 1624; x_wconf 83' lang='lat' dir='ltr'>contra</span> <span class='ocrx_word' id='word_1_75' title='bbox 564 1571 643 1639; x_wconf 85' lang='lat' dir='ltr'>leges</span> <span class='ocrx_word' id='word_1_76' title='bbox 674 1571 948 1641; x_wconf 78' lang='lat' dir='ltr'>constitutionesque</span> <span class='ocrx_word' id='word_1_77' title='bbox 965 1575 1023 1628; x_wconf 66' lang='lat' dir='ltr'>uel</span> 
     </span>
    </p>
   </div>
   <div class='ocr_carea' id='block_1_7' title="bbox 40 1655 1023 1816">
    <p class='ocr_par' dir='ltr' id='par_1_8' title="bbox 40 1655 1023 1816">
     <span class='ocr_line' id='line_1_13' title="bbox 50 1655 1023 1720; baseline -0.001 -6"><span class='ocrx_word' id='word_1_78' title='bbox 50 1707 53 1714; x_wconf 95' lang='grc'>,</span> <span class='ocrx_word' id='word_1_79' title='bbox 154 1659 257 1712; x_wconf 82' lang='lat' dir='ltr'>contra</span> <span class='ocrx_word' id='word_1_80' title='bbox 273 1657 364 1711; x_wconf 90' lang='lat' dir='ltr'>bonos</span> <span class='ocrx_word' id='word_1_81' title='bbox 382 1673 475 1710; x_wconf 87' lang='lat' dir='ltr'>mores</span> <span class='ocrx_word' id='word_1_82' title='bbox 493 1655 571 1720; x_wconf 87' lang='lat' dir='ltr'>fiunt,</span> <span class='ocrx_word' id='word_1_83' title='bbox 589 1656 696 1709; x_wconf 90' lang='lat' dir='ltr'>nullam</span> <span class='ocrx_word' id='word_1_84' title='bbox 714 1656 770 1710; x_wconf 87' lang='lat' dir='ltr'>vim</span> <span class='ocrx_word' id='word_1_85' title='bbox 788 1657 893 1713; x_wconf 87' lang='lat' dir='ltr'>habere</span> <span class='ocrx_word' id='word_1_86' title='bbox 913 1659 1023 1713; x_wconf 87' lang='lat' dir='ltr'>indubi-</span> 
     </span>
     <span class='ocr_line' id='line_1_14' title="bbox 40 1735 754 1816; baseline -0.003 -18"><span class='ocrx_word' id='word_1_87' title='bbox 40 1735 49 1816; x_wconf 35' lang='grc' dir='ltr'><em>Γ</em></span> <span class='ocrx_word' id='word_1_88' title='bbox 155 1743 212 1798; x_wconf 88' lang='lat' dir='ltr'>tati</span> <span class='ocrx_word' id='word_1_89' title='bbox 229 1741 296 1796; x_wconf 88' lang='lat' dir='ltr'>iuris</span> <span class='ocrx_word' id='word_1_90' title='bbox 315 1745 366 1796; x_wconf 87' lang='lat' dir='ltr'>est.</span> <span class='ocrx_word' id='word_1_91' title='bbox 403 1743 466 1796; x_wconf 71' lang='lat' dir='ltr'>Lo</span> <span class='ocrx_word' id='word_1_92' title='bbox 489 1743 514 1795; x_wconf 80' lang='lat'>0.</span> <span class='ocrx_word' id='word_1_93' title='bbox 533 1743 670 1810; x_wconf 78' lang='lat' dir='ltr'>depactis</span> <span class='ocrx_word' id='word_1_94' title='bbox 688 1749 712 1804; x_wconf 77' lang='lat'>2,</span> <span class='ocrx_word' id='word_1_95' title='bbox 732 1755 754 1796; x_wconf 73' lang='lat' dir='ltr'>a.</span> 
     </span>
    </p>
   </div>
   <div class='ocr_carea' id='block_1_8' title="bbox 210 1825 1024 1896">
    <p class='ocr_par' dir='ltr' id='par_1_9' title="bbox 210 1825 1024 1896">
     <span class='ocr_line' id='line_1_15' title="bbox 210 1825 1024 1896; baseline 0.004 -14"><span class='ocrx_word' id='word_1_96' title='bbox 210 1827 386 1882; x_wconf 76' lang='lat' dir='ltr'>Generaliter</span> <span class='ocrx_word' id='word_1_97' title='bbox 411 1825 541 1881; x_wconf 85' lang='lat' dir='ltr'>novimus</span> <span class='ocrx_word' id='word_1_98' title='bbox 571 1829 669 1896; x_wconf 83' lang='lat' dir='ltr'>turpes</span> <span class='ocrx_word' id='word_1_99' title='bbox 696 1826 894 1896; x_wconf 78' lang='lat' dir='ltr'>stipulationes</span> <span class='ocrx_word' id='word_1_100' title='bbox 920 1830 1024 1885; x_wconf 80' lang='lat' dir='ltr'>nullius</span> 
     </span>
    </p>
   </div>
   <div class='ocr_carea' id='block_1_9' title="bbox 55 1911 977 1979">
    <p class='ocr_par' dir='ltr' id='par_1_10' title="bbox 55 1911 977 1979">
     <span class='ocr_line' id='line_1_16' title="bbox 55 1911 977 1979; baseline 0.004 -13"><span class='ocrx_word' id='word_1_101' title='bbox 55 1913 58 1920; x_wconf 86' lang='lat'>&#39;</span> <span class='ocrx_word' id='word_1_102' title='bbox 156 1929 221 1967; x_wconf 85' lang='lat' dir='ltr'>esse</span> <span class='ocrx_word' id='word_1_103' title='bbox 239 1913 383 1966; x_wconf 80' lang='lat' dir='ltr'>momenti.</span> <span class='ocrx_word' id='word_1_104' title='bbox 417 1911 977 1979; x_wconf 71' lang='lat' dir='ltr'>Un1&gt;1nnns=t.2oo.deV.0.45,1.</span> 
     </span>
    </p>
   </div>
   <div class='ocr_carea' id='block_1_10' title="bbox 156 1996 1023 2150">
    <p class='ocr_par' dir='ltr' id='par_1_11' title="bbox 156 1996 1023 2150">
     <span class='ocr_line' id='line_1_17' title="bbox 199 1996 1023 2066; baseline 0.012 -20"><span class='ocrx_word' id='word_1_105' title='bbox 199 1997 377 2052; x_wconf 63' lang='lat' dir='ltr'>,Mandatum</span> <span class='ocrx_word' id='word_1_106' title='bbox 388 2015 445 2051; x_wconf 91' lang='lat' dir='ltr'>non</span> <span class='ocrx_word' id='word_1_107' title='bbox 459 2000 502 2051; x_wconf 87' lang='lat' dir='ltr'>est</span> <span class='ocrx_word' id='word_1_108' title='bbox 515 1996 721 2066; x_wconf 82' lang='lat' dir='ltr'>obligatorium,</span> <span class='ocrx_word' id='word_1_109' title='bbox 735 1999 812 2066; x_wconf 82' lang='lat' dir='ltr'>quod</span> <span class='ocrx_word' id='word_1_110' title='bbox 824 2002 923 2054; x_wconf 79' lang='lat' dir='ltr'>eontra</span> <span class='ocrx_word' id='word_1_111' title='bbox 934 2002 1023 2056; x_wconf 79' lang='lat' dir='ltr'>bonos</span> 
     </span>
     <span class='ocr_line' id='line_1_18' title="bbox 156 2082 744 2150; baseline -0.002 -13"><span class='ocrx_word' id='word_1_112' title='bbox 156 2099 250 2137; x_wconf 86' lang='lat' dir='ltr'>mores</span> <span class='ocrx_word' id='word_1_113' title='bbox 270 2086 320 2137; x_wconf 84' lang='lat' dir='ltr'>est.</span> <span class='ocrx_word' id='word_1_114' title='bbox 357 2083 373 2150; x_wconf 64' lang='grc' dir='ltr'><strong>ξ</strong></span> <span class='ocrx_word' id='word_1_115' title='bbox 394 2091 407 2136; x_wconf 84' lang='grc'><strong>7</strong></span> <span class='ocrx_word' id='word_1_116' title='bbox 427 2083 452 2135; x_wconf 88' lang='lat' dir='ltr'>J.</span> <span class='ocrx_word' id='word_1_117' title='bbox 471 2082 642 2136; x_wconf 84' lang='lat' dir='ltr'>demandato</span> <span class='ocrx_word' id='word_1_118' title='bbox 661 2091 684 2146; x_wconf 88' lang='lat'>3,</span> <span class='ocrx_word' id='word_1_119' title='bbox 703 2091 744 2136; x_wconf 78' lang='lat'>27.</span> 
     </span>
    </p>
   </div>
   <div class='ocr_carea' id='block_1_11' title="bbox 210 2167 1023 2238">
    <p class='ocr_par' dir='ltr' id='par_1_12' title="bbox 210 2167 1023 2238">
     <span class='ocr_line' id='line_1_19' title="bbox 210 2167 1023 2238; baseline 0.006 -16"><span class='ocrx_word' id='word_1_120' title='bbox 210 2169 336 2222; x_wconf 85' lang='lat' dir='ltr'>Societas</span> <span class='ocrx_word' id='word_1_121' title='bbox 354 2171 403 2222; x_wconf 82' lang='lat' dir='ltr'>aut</span> <span class='ocrx_word' id='word_1_122' title='bbox 420 2167 586 2221; x_wconf 86' lang='lat' dir='ltr'>mandatum</span> <span class='ocrx_word' id='word_1_123' title='bbox 603 2167 762 2238; x_wconf 84' lang='lat' dir='ltr'>flagitiosae</span> <span class='ocrx_word' id='word_1_124' title='bbox 781 2169 822 2224; x_wconf 87' lang='lat' dir='ltr'>rei</span> <span class='ocrx_word' id='word_1_125' title='bbox 839 2171 932 2225; x_wconf 87' lang='lat' dir='ltr'>nullas</span> <span class='ocrx_word' id='word_1_126' title='bbox 950 2172 1023 2227; x_wconf 85' lang='lat' dir='ltr'>vires</span> 
     </span>
    </p>
   </div>
   <div class='ocr_carea' id='block_1_12' title="bbox 36 2253 972 2321">
    <p class='ocr_par' dir='ltr' id='par_1_13' title="bbox 36 2253 972 2321">
     <span class='ocr_line' id='line_1_20' title="bbox 36 2253 972 2321; baseline 0.007 -15"><span class='ocrx_word' id='word_1_127' title='bbox 36 2281 64 2311; x_wconf 59' lang='lat' dir='ltr'>s:</span> <span class='ocrx_word' id='word_1_128' title='bbox 156 2254 253 2308; x_wconf 82' lang='lat' dir='ltr'>habet.</span> <span class='ocrx_word' id='word_1_129' title='bbox 289 2253 395 2308; x_wconf 72' lang='lat' dir='ltr'>Gnms:</span> <span class='ocrx_word' id='word_1_130' title='bbox 414 2256 430 2306; x_wconf 88' lang='lat' dir='ltr'>l.</span> <span class='ocrx_word' id='word_1_131' title='bbox 451 2261 482 2308; x_wconf 84' lang='lat'>35</span> <span class='ocrx_word' id='word_1_132' title='bbox 502 2254 518 2321; x_wconf 64' lang='grc' dir='ltr'><strong>ἓ</strong></span> <span class='ocrx_word' id='word_1_133' title='bbox 539 2261 553 2308; x_wconf 77' lang='lat'><strong>2</strong></span> <span class='ocrx_word' id='word_1_134' title='bbox 573 2255 606 2308; x_wconf 84' lang='lat' dir='ltr'>D.</span> <span class='ocrx_word' id='word_1_135' title='bbox 625 2257 657 2307; x_wconf 82' lang='lat' dir='ltr'>de</span> <span class='ocrx_word' id='word_1_136' title='bbox 674 2255 792 2310; x_wconf 78' lang='lat' dir='ltr'>contrat.</span> <span class='ocrx_word' id='word_1_137' title='bbox 811 2263 868 2311; x_wconf 80' lang='lat' dir='ltr'>emt.</span> <span class='ocrx_word' id='word_1_138' title='bbox 890 2265 929 2321; x_wconf 88' lang='lat'>18,</span> <span class='ocrx_word' id='word_1_139' title='bbox 952 2267 972 2312; x_wconf 90' lang='lat'>1.</span> 
     </span>
    </p>
   </div>
   <div class='ocr_carea' id='block_1_13' title="bbox 209 2323 1025 2402">
    <p class='ocr_par' dir='ltr' id='par_1_14' title="bbox 209 2323 1025 2402">
     <span class='ocr_line' id='line_1_21' title="bbox 209 2323 1025 2402; baseline 0.005 -10"><span class='ocrx_word' id='word_1_140' title='bbox 209 2340 313 2393; x_wconf 87' lang='lat' dir='ltr'>Rerum</span> <span class='ocrx_word' id='word_1_141' title='bbox 329 2339 543 2393; x_wconf 86' lang='lat' dir='ltr'>inhonestarum</span> <span class='ocrx_word' id='word_1_142' title='bbox 555 2323 690 2394; x_wconf 75' lang='lat' dir='ltr'>nulla&#39;est</span> <span class='ocrx_word' id='word_1_143' title='bbox 702 2340 832 2396; x_wconf 80' lang='lat' dir='ltr'>societas.</span> <span class='ocrx_word' id='word_1_144' title='bbox 859 2343 1025 2402; x_wconf 71' lang='lat' dir='ltr'>Uunuuus:</span> 
     </span>
    </p>
   </div>
   <div class='ocr_carea' id='block_1_14' title="bbox 35 2401 539 2493">
    <p class='ocr_par' dir='ltr' id='par_1_15' title="bbox 35 2401 539 2493">
     <span class='ocr_line' id='line_1_22' title="bbox 35 2401 539 2493; baseline 0.002 -14"><span class='ocrx_word' id='word_1_145' title='bbox 35 2401 55 2463; x_wconf 17' lang='grc' dir='ltr'>λι</span> <span class='ocrx_word' id='word_1_146' title='bbox 157 2429 176 2479; x_wconf 81' lang='lat' dir='ltr'>l.</span> <span class='ocrx_word' id='word_1_147' title='bbox 196 2434 227 2480; x_wconf 75' lang='lat'>57</span> <span class='ocrx_word' id='word_1_148' title='bbox 246 2427 280 2479; x_wconf 84' lang='lat' dir='ltr'>D.</span> <span class='ocrx_word' id='word_1_149' title='bbox 294 2442 348 2493; x_wconf 84' lang='lat' dir='ltr'>pro</span> <span class='ocrx_word' id='word_1_150' title='bbox 365 2427 436 2479; x_wconf 77' lang='lat' dir='ltr'>socio</span> <span class='ocrx_word' id='word_1_151' title='bbox 456 2434 495 2488; x_wconf 83' lang='grc'>17,</span> <span class='ocrx_word' id='word_1_152' title='bbox 514 2433 539 2480; x_wconf 78' lang='lat'>2.</span> 
     </span>
    </p>
   </div>
   <div class='ocr_carea' id='block_1_15' title="bbox 156 2510 1025 2750">
    <p class='ocr_par' dir='ltr' id='par_1_16' title="bbox 156 2510 1025 2750">
     <span class='ocr_line' id='line_1_23' title="bbox 210 2510 1025 2583; baseline 0.005 -19"><span class='ocrx_word' id='word_1_153' title='bbox 210 2510 272 2564; x_wconf 92' lang='lat' dir='ltr'>Non</span> <span class='ocrx_word' id='word_1_154' title='bbox 283 2515 326 2564; x_wconf 88' lang='lat' dir='ltr'>est</span> <span class='ocrx_word' id='word_1_155' title='bbox 336 2511 536 2580; x_wconf 86' lang='lat' dir='ltr'>obligatorium</span> <span class='ocrx_word' id='word_1_156' title='bbox 547 2514 645 2565; x_wconf 85' lang='lat' dir='ltr'>eontra</span> <span class='ocrx_word' id='word_1_157' title='bbox 654 2511 744 2566; x_wconf 90' lang='lat' dir='ltr'>bonos</span> <span class='ocrx_word' id='word_1_158' title='bbox 754 2530 846 2568; x_wconf 87' lang='lat' dir='ltr'>mores</span> <span class='ocrx_word' id='word_1_159' title='bbox 856 2514 1025 2583; x_wconf 84' lang='lat' dir='ltr'>praestitum</span> 
     </span>
     <span class='ocr_line' id='line_1_24' title="bbox 156 2597 820 2661; baseline 0.002 -10"><span class='ocrx_word' id='word_1_160' title='bbox 156 2597 356 2651; x_wconf 81' lang='lat' dir='ltr'>iuramentum.</span> <span class='ocrx_word' id='word_1_161' title='bbox 392 2613 413 2650; x_wconf 86' lang='lat' dir='ltr'>c.</span> <span class='ocrx_word' id='word_1_162' title='bbox 433 2603 464 2652; x_wconf 87' lang='lat'>38</span> <span class='ocrx_word' id='word_1_163' title='bbox 483 2599 515 2650; x_wconf 81' lang='lat' dir='ltr'>de</span> <span class='ocrx_word' id='word_1_164' title='bbox 535 2597 568 2654; x_wconf 85' lang='lat' dir='ltr'>R.</span> <span class='ocrx_word' id='word_1_165' title='bbox 586 2597 612 2655; x_wconf 83' lang='lat' dir='ltr'>J.</span> <span class='ocrx_word' id='word_1_166' title='bbox 630 2601 657 2650; x_wconf 82' lang='lat' dir='ltr'>in</span> <span class='ocrx_word' id='word_1_167' title='bbox 676 2605 718 2652; x_wconf 77' lang='lat' dir='ltr'>oto</span> <span class='ocrx_word' id='word_1_168' title='bbox 738 2605 760 2661; x_wconf 83' lang='lat'>5,</span> <span class='ocrx_word' id='word_1_169' title='bbox 782 2607 820 2654; x_wconf 78' lang='grc'>1-2.</span> 
     </span>
     <span class='ocr_line' id='line_1_25' title="bbox 211 2681 1024 2750; baseline 0.004 -15"><span class='ocrx_word' id='word_1_170' title='bbox 211 2681 406 2746; x_wconf 74' lang='lat' dir='ltr'>conditiones,</span> <span class='ocrx_word' id='word_1_171' title='bbox 426 2698 499 2750; x_wconf 85' lang='lat' dir='ltr'>quae</span> <span class='ocrx_word' id='word_1_172' title='bbox 519 2685 617 2736; x_wconf 83' lang='lat' dir='ltr'>eontra</span> <span class='ocrx_word' id='word_1_173' title='bbox 635 2684 725 2737; x_wconf 83' lang='lat' dir='ltr'>bonos</span> <span class='ocrx_word' id='word_1_174' title='bbox 744 2700 835 2738; x_wconf 87' lang='lat' dir='ltr'>mores</span> <span class='ocrx_word' id='word_1_175' title='bbox 854 2684 1024 2747; x_wconf 85' lang='lat' dir='ltr'>inseruntur,</span> 
     </span>
    </p>
   </div>
   <div class='ocr_carea' id='block_1_16' title="bbox 157 2767 1024 2831">
    <p class='ocr_par' dir='ltr' id='par_1_17' title="bbox 38 2743 1024 2837">
     <span class='ocr_line' id='line_1_26' title="bbox 157 2767 1024 2831; baseline 0 -5"><span class='ocrx_word' id='word_1_176' title='bbox 157 2767 345 2822; x_wconf 86' lang='lat' dir='ltr'>remittendae</span> <span class='ocrx_word' id='word_1_177' title='bbox 365 2771 437 2822; x_wconf 86' lang='lat' dir='ltr'>sunt.</span> <span class='ocrx_word' id='word_1_178' title='bbox 455 2767 589 2820; x_wconf 71' lang='lat' dir='ltr'>Pluuus:</span> <span class='ocrx_word' id='word_1_179' title='bbox 608 2770 626 2820; x_wconf 87' lang='lat' dir='ltr'>l.</span> <span class='ocrx_word' id='word_1_180' title='bbox 646 2775 661 2822; x_wconf 87' lang='lat'><strong>9</strong></span> <span class='ocrx_word' id='word_1_181' title='bbox 680 2769 713 2821; x_wconf 87' lang='lat' dir='ltr'>D.</span> <span class='ocrx_word' id='word_1_182' title='bbox 726 2771 759 2821; x_wconf 82' lang='lat' dir='ltr'>de</span> <span class='ocrx_word' id='word_1_183' title='bbox 776 2772 849 2822; x_wconf 82' lang='lat' dir='ltr'>eond.</span> <span class='ocrx_word' id='word_1_184' title='bbox 868 2771 928 2821; x_wconf 77' lang='lat' dir='ltr'>inst.</span> <span class='ocrx_word' id='word_1_185' title='bbox 948 2777 988 2831; x_wconf 69' lang='lat' dir='ltr'>aa,</span> <span class='ocrx_word' id='word_1_186' title='bbox 1002 2778 1024 2826; x_wconf 79' lang='lat'>7.</span> 
     </span>
    </p>
   </div>
   <div class='ocr_carea' id='block_1_17' title="bbox 35 2851 1025 3092">
    <p class='ocr_par' dir='ltr' id='par_1_18' title="bbox 35 2851 1025 3092">
     <span class='ocr_line' id='line_1_27' title="bbox 211 2851 1025 2923; baseline 0 -16"><span class='ocrx_word' id='word_1_187' title='bbox 211 2851 318 2917; x_wconf 83' lang='lat' dir='ltr'>Quodsi</span> <span class='ocrx_word' id='word_1_188' title='bbox 335 2853 425 2923; x_wconf 80' lang='lat' dir='ltr'>turpis</span> <span class='ocrx_word' id='word_1_189' title='bbox 445 2870 532 2907; x_wconf 85' lang='lat' dir='ltr'>causa</span> <span class='ocrx_word' id='word_1_190' title='bbox 550 2852 716 2923; x_wconf 80' lang='lat' dir='ltr'>accipientis</span> <span class='ocrx_word' id='word_1_191' title='bbox 735 2853 831 2917; x_wconf 84' lang='lat' dir='ltr'>fuerit,</span> <span class='ocrx_word' id='word_1_192' title='bbox 851 2853 1025 2908; x_wconf 73' lang='lat' dir='ltr'>etiamsinon</span> 
     </span>
     <span class='ocr_line' id='line_1_28' title="bbox 35 2936 1025 3023; baseline 0.001 -30"><span class='ocrx_word' id='word_1_193' title='bbox 35 2989 58 3023; x_wconf 37' lang='grc' dir='ltr'>,Ὦ</span> <span class='ocrx_word' id='word_1_194' title='bbox 65 2979 76 3010; x_wconf 57' lang='lat'>,¹</span> <span class='ocrx_word' id='word_1_195' title='bbox 157 2941 257 2992; x_wconf 81' lang='lat' dir='ltr'>secuta</span> <span class='ocrx_word' id='word_1_196' title='bbox 275 2936 319 2999; x_wconf 83' lang='lat' dir='ltr'>sit,</span> <span class='ocrx_word' id='word_1_197' title='bbox 337 2938 429 3007; x_wconf 84' lang='lat' dir='ltr'>repeti</span> <span class='ocrx_word' id='word_1_198' title='bbox 439 2941 542 3008; x_wconf 85' lang='lat' dir='ltr'>potest.</span> <span class='ocrx_word' id='word_1_199' title='bbox 571 2939 702 2992; x_wconf 70' lang='lat' dir='ltr'>paunus:</span> <span class='ocrx_word' id='word_1_200' title='bbox 721 2941 738 2992; x_wconf 87' lang='lat' dir='ltr'>l.</span> <span class='ocrx_word' id='word_1_201' title='bbox 760 2948 771 2993; x_wconf 93' lang='lat'>1</span> <span class='ocrx_word' id='word_1_202' title='bbox 793 2939 809 3007; x_wconf 64' lang='grc' dir='ltr'>ξ</span> <span class='ocrx_word' id='word_1_203' title='bbox 828 2940 890 2993; x_wconf 68' lang='lat' dir='ltr'>aD.</span> <span class='ocrx_word' id='word_1_204' title='bbox 902 2941 934 2991; x_wconf 82' lang='lat' dir='ltr'>de</span> <span class='ocrx_word' id='word_1_205' title='bbox 953 2943 1025 2994; x_wconf 79' lang='lat' dir='ltr'>cond.</span> 
     </span>
     <span class='ocr_line' id='line_1_29' title="bbox 37 3016 991 3092; baseline 0 -15"><span class='ocrx_word' id='word_1_206' title='bbox 37 3016 46 3030; x_wconf 65' lang='lat'>⁰</span> <span class='ocrx_word' id='word_1_207' title='bbox 680 3023 711 3077; x_wconf 76' lang='lat' dir='ltr'>ob</span> <span class='ocrx_word' id='word_1_208' title='bbox 729 3029 800 3092; x_wconf 83' lang='lat' dir='ltr'>turp.</span> <span class='ocrx_word' id='word_1_209' title='bbox 818 3040 889 3077; x_wconf 83' lang='lat' dir='ltr'>caus.</span> <span class='ocrx_word' id='word_1_210' title='bbox 910 3033 948 3086; x_wconf 71' lang='lat'>12,</span> <span class='ocrx_word' id='word_1_211' title='bbox 969 3031 991 3077; x_wconf 78' lang='lat'>5.</span> 
     </span>
    </p>
   </div>
   <div class='ocr_carea' id='block_1_18' title="bbox 842 3117 872 3164">
    <p class='ocr_par' dir='ltr' id='par_1_19' title="bbox 842 3117 872 3164">
     <span class='ocr_line' id='line_1_30' title="bbox 842 3117 872 3164; baseline 0.067 -2"><span class='ocrx_word' id='word_1_212' title='bbox 842 3117 872 3164; x_wconf 87' lang='lat'>10</span> 
     </span>
    </p>
   </div>
   <div class='ocr_carea' id='block_1_19' title="bbox 0 0 1341 3560">
    <p class='ocr_par' dir='ltr' id='par_1_20' title="bbox 0 0 1341 3560">
     <span class='ocr_line' id='line_1_31' title="bbox 0 0 1341 3560; baseline 0 0"><span class='ocrx_word' id='word_1_213' title='bbox 0 0 1341 3560; x_wconf 95' lang='lat' dir='ltr'> </span> 
     </span>
    </p>
   </div>
  </div>
 </body>
</html>
