2634 3556
695 333 736 396 24

279 501 376 553 mento
393 503 447 562 est,
465 499 615 568 quominus
635 498 754 554 existet·
777 500 793 569 g
814 509 843 554 11
865 501 889 554 Ι.
908 503 940 555 de
958 501 1041 556 insitii.
1059 504 1148 570 stipsi,

331 670 525 740 Impossibiles
545 669 721 724 conditiones
734 673 909 726 testamento
923 594 1149 742 adseripl’uelllro
1191 700 1195 707 ·

279 755 366 810 nullis
388 755 538 810 habendae
561 759 634 810 sunt.
669 753 836 808 ULPIANus:
863 759 880 810 i,
904 767 918 811 3
943 759 976 811 Ι).
999 759 1033 810 de
1054 760 1154 811 condit.

331 924 517 995 impossibilis
531 925 655 980 conditio
667 925 697 979 in
709 924 814 981 ultimis
825 925 1019 982 voluntatibus
1028 848 1080 997 {lli
1092 850 1152 982 lion

283 1013 389 1080 scripta
406 1010 535 1066 habetur.
553 1011 568 1044 *
587 1010 603 1080 ξ
624 1018 655 1066 10
673 1011 698 1065 J.
717 1013 750 1066 de
766 1012 855 1065 iered.
875 1013 957 1070 instit.
976 1019 999 1076 2,
1020 1021 1059 1068 14.

332 1096 449 1161 Quoties
477 1095 677 1151 contrahentes
705 1098 757 1151 sub
788 1097 950 1152 conditione
979 1097 1153 1166 impossibili

280 1181 464 1246 contrahunt,
491 1198 548 1235 non
574 1183 634 1235 tam
662 1181 827 1236 contrahere
856 1199 941 1250 quum
967 1182 1038 1236 nihil
1064 1185 1151 1255 ogere

281 1268 404 1322 voluisse
423 1266 628 1322 existimentur.

333 1353 361 1407 Si
383 1351 566 1422 impossibilis
590 1351 715 1406 conditio
739 1352 961 1423 obligationibus
989 1352 1153 1416 adiicietur,

282 1438 353 1492 nihil
370 1437 448 1492 valet
466 1436 620 1507 stipulatio.
657 1437 674 1506 ὅ
695 1447 723 1492 11
744 1439 768 1492 J.
789 1441 821 1492 de
839 1441 923 1492 inutil.
941 1441 1029 1508 stipiti
1048 1445 1072 1502 3,
1091 1445 1133 1492 20.

333 1522 529 1585 Conditiones‚
552 1539 626 1590 quae
644 1526 744 1577 contra
761 1524 851 1578 bonos
869 1541 961 1578 mores
978 1524 1152 1587 inseruntur,

280 1608 467 1663 remittendae
488 1611 566 1661 sunt.
601 1607 734 1661 Plutus:
762 1611 778 1662 l.
803 1617 817 1664 9
840 1608 873 1661 D.
897 1611 929 1663 de
951 1611 1044 1663 condit.
1068 1611 1152 1662 instit.

1093 1701 1116 1748 7.

332 1777 464 1832 Conditio
483 1777 606 1832 existens
626 1777 662 1832 ud
680 1778 792 1832 initium
810 1778 919 1848 negotii
941 1699 1151 1833 retrotlgllitur.

332 1851 473 1928 Conditio,
484 1879 557 1932 quse
569 1863 656 1918 semel
666 1863 789 1927 evanuit,
801 1863 988 1933 ampliusnon
997 1863 1151 1919 reviviscit.

623 2077 807 2134 confessio.

332 2223 479 2278 Confessio
498 2226 543 2278 est
560 2222 659 2292 regina
675 2221 884 2291 probationum.

332 2308 484 2363 Confessus
503 2324 554 2377 pro
573 2307 698 2362 iudicato
718 2310 774 2371 est,
799 2307 847 2376 qui
870 2306 1079 2376 quodammodo
1099 2323 1152 2360 suu

281 2394 424 2447 sententio
442 2394 600 2448 damnatur.
627 2393 760 2446 Pluuus:
780 2395 797 2446 I.
813 2403 824 2447 1
840 2393 872 2446 J).
885 2395 918 2446 dc
930 2395 1058 2462 confessis
1070 2398 1112 2454 42,
1126 2399 1151 2444 1.

333 2479 484 2534 Confessos
503 2478 532 2532 in
549 2477 609 2534 iure
627 2496 678 2547 pro
701 2478 835 2532 iudicatis
858 2477 957 2532 haberi
978 2477 1083 2546 placet.
1119 2477 1150 2530 L.

725 2581 767 2618 un.
790 2564 815 2617 C.
834 2565 867 2618 de
884 2565 1013 2634 confessis
1032 2570 1054 2626 7,
1074 2569 1115 2618 59.

331 2647 395 2704 Non
412 2649 526 2714 fatetur,
545 2649 594 2719 qui
611 2652 695 2713 errat,
713 2647 767 2704 nisi
785 2647 828 2704 ius
846 2647 996 2718 ignoravit.

529 2735 693 2790 Uupmuus:
713 2735 729 2788 i.
748 2741 763 2788 2
783 2735 816 2788 J).
835 2736 867 2787 dc
885 2736 1014 2803 confessis
1032 2739 1073 2796 42,
1093 2739 1117 2786 ’2.

333 2820 479 2886 Confessio
500 2818 553 2875 soli
571 2819 717 2874 confitenti
734 2824 827 2874 nocet.

333 2906 479 2961 Confessio
501 2905 617 2960 alterius
637 2905 685 2960 alii
703 2923 760 2960 non
777 2905 962 2976 praeiudicat.
