2698 3558
729 330 767 393 16

364 495 427 554 Non
435 497 646 568 negligentibus
659 497 792 552 subvenit
780 501 833 560 b,ur
847 497 1030 552 sedueeessib
1018 500 1078 552 tabe
1088 515 1183 554 rerum

311 583 465 655 impeditis.
490 584 624 637 Pronus:
643 585 668 640 l
681 584 764 642 161)
781 600 818 636 ex
836 585 903 672 quib.
920 599 992 638 cous
1004 589 1098 652 major
1116 593 1140 648 4,
1161 592 1185 639 6.

333 670 463 728 ,stultis
482 685 542 724 nou
561 669 741 726 succurritur,

363 755 518 820 Minoribus
542 755 653 810 aetas
644 773 675 808 ιιι
698 754 808 809 damnis
833 756 995 820 subvenire,
1018 772 1077 810 non
1099 757 1184 811 rebus

311 858 447 914 prospere
466 840 555 911 gestis
575 841 677 896 obesse
697 840 855 898 consuevit
892 842 921 894 l
942 850 972 896 14
994 842 1019 894 C
1038 843 1071 894 de
1085 857 1184 909 procu

991 932 1043 978 rat.
1063 934 1087 990 2,
1108 934 1148 984 13.

364 1013 500 1068 Adiuvari
516 1030 577 1077 nos,
596 1029 654 1066 non
673 1010 766 1081 decipi
783 1011 921 1066 beneficio
940 1014 1063 1081 oportet.

528 1098 664 1151 PAULUS:
683 1099 700 1150 l.
720 1105 750 1151 17
770 1101 789 1161 §
808 1103 822 1150 8
841 1098 876 1152 D.
894 1099 1048 1150 commodati
1066 1103 1105 1160 13,
1125 1104 1149 1151 6

363 1200 427 1256 Non
446 1201 483 1272 ιιι
495 1199 597 1256 aebaiis
612 1199 757 1255 excusatio
771 1199 907 1254 adversus
919 1203 1076 1270 praecepta
1088 1200 1185 1270 legum

312 1287 347 1350 ei,
366 1287 423 1355 qui,
443 1287 510 1342 dum
526 1287 605 1355 leges
623 1285 747 1347 invocat,
766 1288 865 1339 contra
884 1301 932 1340 eas
952 1284 1111 1339 committis.

535 1370 761 1424 Turruouruus:
781 1371 798 1424 l
817 1378 848 1424 37
868 1372 901 1424 1)
919 1372 952 1424 de
969 1373 1062 1423 minor.
1081 1378 1105 1434 4,
1125 1378 1149 1424 4.

365 1473 394 1530 Si
419 1473 503 1544 [quis]
528 1440 670 1527 eomuiuni
694 1471 851 1540 auxilioeb
872 1489 950 1527 mero
972 1472 1033 1528 iure
1057 1473 1183 1528 munibus

312 1561 358 1623 sib,
376 1577 434 1616 non
452 1559 540 1614 debet
557 1557 583 1612 ei
601 1556 688 1612 tribui
706 1557 959 1612 extraordinarium
977 1558 1121 1614 auxilium.

533 1644 700 1698 Uoranus:
719 1647 736 1698 I.
757 1651 788 1699 16
802 1660 848 1713 pr.
868 1645 901 1697 Ι).
920 1647 1062 1698 demiror.
1082 1653 1107 1708 4,
1124 1653 1149 1700 4.

364 1745 456 1802 Invito
475 1746 644 1801 beneficium
661 1763 719 1802 non
736 1746 827 1801 datur
862 1747 996 1801 PAULUS:
1016 1750 1032 1800 1.
1052 1755 1083 1803 63
1103 1749 1136 1800 D.
1151 1749 1185 1800 de

951 1835 984 1888 R.
1003 1821 1029 1891 J'.
1047 1841 1088 1895 so,
1109 1841 1148 1887 ιι.

364 1909 508 1985 Beuefieia
524 1935 582 1972 non
601 1916 799 1973 obtruduntur.

363 2001 428 2056 Non
445 2005 542 2071 potest
559 2001 717 2057 liberalitas
735 1983 844 2057 noierrbi
865 2003 981 2072 acquiri
1016 2002 1180 2055 uisurus:

697 2089 713 2140 l
734 2089 888 2155 19521)
906 2089 1044 2141 dederat.
1064 2093 1104 2147 39
1123 2094 1147 2142 b

363 2190 507 2244 indultum
526 2207 544 2244 e
560 2189 620 2244 iure
639 2190 810 2245 beneficium
827 2193 942 2245 nonest
956 2188 1182 2244 aliouiauferen·

312 2277 388 2332 dum.
424 2292 445 2330 c.
467 2275 690 2338 udelbldn
710 2281 761 2331 610.
780 2283 804 2338 b,
825 2283 865 2330 12.
1196 2349 1197 2352 Ἴ

363 2360 521 2429 Unicuique
539 2360 609 2416 lieet
627 2364 808 2416 conbemuere
826 2360 912 2425 haee,
931 2377 1004 2429 quae
1022 2378 1073 2432 pro
1093 2378 1123 2417 se
1141 2361 1182 2416 iu-

311 2447 445 2504 brodueba
463 2449 536 2502 sunb.
572 2447 730 2501 IUMANUS:
750 2449 768 2502 l.
786 2454 818 2501 41
837 2448 871 2500 D.
890 2449 922 2500 de
939 2449 1032 2505 minor.
1047 2455 1074 2516 ,4,
1094 2454 1119 2502 4.

328 2571 330 2576 ,
363 2531 522 2600 Unicuique
539 2531 683 2602 integrum
701 2535 745 2587 est
763 2531 816 2596 his,
836 2549 909 2600 quse
926 2533 982 2602 ipsi
1000 2551 1018 2588 a
1034 2534 1099 2603 iege
1113 2531 1183 2587 deba

312 2619 343 2690 eb
360 2632 497 2672 concessa
515 2620 589 2680 sunt,
607 2617 782 2673 renunciare.
819 2619 883 2673 roo.
903 2625 951 2674 133
969 2634 991 2672 c.
1012 2627 1033 2672 1.

363 2701 446 2767 Quod
463 2702 548 2758 datur
564 2701 702 2773 personis,
722 2719 786 2757 oum
804 2702 933 2772 personis
952 2703 1101 2758 amittitur.

378 2833 379 2838 ,
417 2786 584 2840 Urruros:
603 2789 619 2842 l.
641 2796 653 2842 1
673 2792 692 2852 ἕ
710 2795 742 2844 43
761 2790 794 2842 1).
812 2791 845 2842 de
863 2804 931 2858 aqua
948 2792 1024 2842 eotid.
1044 2798 1085 2852 43,
1104 2796 1146 2844 ιο.

362 2871 494 2927 Personis
518 2873 603 2926 datae
624 2872 819 2928 immunitates
841 2873 992 2928 heredibus
1016 2891 1074 2930 non
1099 2873 1181 2928 relin-

311 2961 444 3026 quuntur.
473 2956 638 3011 ussurus:
658 2960 675 3012 1.
696 2966 708 3013 1
727 2964 747 3024 5
766 2968 778 3014 1
798 2960 831 3013 Ι).
850 2961 883 3014 de
892 2963 960 3027 Jrre
977 2963 1139 3024 immrmb,
1158 2967 1181 3014 6.

362 3042 559 3100 immunibabes
587 3035 761 3114 generaliter
782 3044 907 3100 tributae
931 3061 964 3099 eo
986 3044 1059 3108 iure,
1087 3047 1119 3099 ιιι
1146 3044 1183 3098 ad
