2698 3558
615 266 724 332 ,74

322 441 449 498 Traditio
471 439 542 494 nihil
564 434 684 505 amplius
707 429 858 486 transferre
878 423 965 478 debet
982 417 1029 472 vel
1046 413 1149 483 potest

270 532 308 586 ad
326 547 403 592 eum,
422 527 472 595 qui
489 522 606 592 accipit,
625 536 711 588 quam
730 519 773 570 est
790 511 867 583 apud
885 525 959 569 erun,
978 501 1028 571 qui
1045 494 1147 551 tradit,

344 615 513 668 Unmrrus:
531 611 549 661 l.
568 614 600 661 20
614 622 660 673 pr.
680 605 711 657 1).
730 604 762 655 dc
780 600 880 666 acquir.
899 608 955 646 rer.
973 592 1040 642 dom.
1059 590 1102 644 41,
1125 588 1148 632 1.

325 701 378 767 Qui
395 699 425 752 iu
442 699 485 751 ius
504 690 693 747 dominiumve
712 685 835 740 alterius.
847 676 985 738 succedit,
1003 673 1064 726 iure
1085 665 1148 720 cius

272 789 316 842 uti
334 787 428 839 debet.
462 782 599 834 PAULUS:
618 778 634 828 l.
654 783 701 828 171
722 773 755 825 1).
773 772 806 823 dc
825 769 859 820 R.
876 767 902 820 J.
922 769 964 824 50,
985 768 1025 814 17.

324 871 388 926 Non
406 868 497 921 debeo
515 861 638 917 melioris
658 855 828 913 conditionis
848 867 911 905 esse
936 862 1023 915 quam
1047 841 1151 894 auctor

274 975 367 1022 meus,
390 971 407 1007 a
430 968 486 1020 quo
510 947 601 1002 insin
619 961 663 998 me
682 941 791 997 transit.
826 939 964 992 PAULUS:
988 933 1005 984 l.
1027 935 1075 982 175
1096 925 1114 992 ᾖ
1137 930 1150 974 l

810 1027 843 1079 D.
862 1026 895 1076 de
914 1023 947 1074 R.
966 1018 991 1072 J.
1011 1021 1053 1076 50,
1075 1019 1115 1064 17.

327 1125 416 1180 Nemo
426 1124 489 1192 plus
502 1116 642 1178 commodi
654 1113 751 1169 heredi
764 1128 814 1165 suo
826 1103 969 1174 relinquit,
988 1117 1077 1170 quam
1087 1097 1153 1164 ipse

276 1212 386 1268 habuit.
420 1209 553 1262 PAULUS:
573 1206 589 1256 l.
611 1209 658 1256 120
678 1201 709 1254 D.
727 1202 759 1251 de
778 1199 811 1250 R.
830 1197 854 1249 J.
875 1201 915 1255 50,
937 1197 977 1244 17.

328 1297 419 1352 Neruo
436 1293 467 1346 id
484 1292 536 1354 ius,
554 1288 631 1356 quod
647 1303 706 1340 non
722 1284 817 1344 habet,
836 1279 969 1334 amittere
988 1269 1096 1342 potest.

331 1451 378 1503 Ius
391 1443 536 1517 ,posterius
555 1440 674 1508 derogat
695 1436 789 1506 priori.

331 1533 448 1587 Minima
466 1524 677 1582 circumstantia
695 1521 785 1576 variat
803 1519 856 1572 ius.

334 1619 398 1671 Iura
414 1613 494 1668 novit
512 1611 597 1664 curia.

331 1703 396 1756 Iura
413 1715 471 1752 uon
488 1697 518 1750 in
536 1694 659 1764 singulas
672 1708 816 1762 personas,
837 1688 888 1741 sed
901 1683 1075 1756 generaliter
1089 1695 1157 1732 con-

282 1789 442 1843 stituuntur.
477 1781 644 1836 uorans:
661 1780 678 1831 l.
697 1785 712 1833 8
731 1778 765 1830 D.
783 1778 816 1828 de
832 1777 897 1840 lepp.
918 1780 942 1834 1,
962 1778 985 1824 3.

332 1871 375 1925 Ex
385 1869 437 1931 his,
451 1883 522 1934 quaa
535 1865 607 1918 torte
620 1880 676 1917 uno
689 1861 784 1928 aliquo
798 1876 867 1914 casu
880 1855 1012 1911 accidere
1021 1849 1158 1920 possunt,

281 1958 343 2011 iura
359 1973 417 2008 non
436 1951 651 2006 constituuntur.
679 1947 807 2002 Onasus:
824 1941 842 1996 l.
861 1943 930 1996 41).
949 1942 983 1992 de
1001 1934 1067 2004 lepp.
1090 1942 1113 1995 1,
1135 1938 1158 1984 3.

336 2039 412 2103 Quae
435 2054 452 2090 a
473 2036 533 2088 iure
557 2033 697 2086 communi
719 2028 891 2089 exorbitant,
914 2037 1099 2093 nequaquam
1122 2015 1162 2068 ad

284 2120 515 2189 consequentiam
537 2120 603 2172 sunt
624 2116 769 2172 trahenda.
805 2131 827 2167 c.
851 2120 884 2168 28
908 2113 940 2164 de
959 2111 994 2163 R.
1013 2108 1039 2162 J.
1064 2109 1092 2157 in
1116 2107 1161 2156 oto

1037 2201 1062 2254 5,
1083 2196 1125 2244 12.

336 2291 370 2344 In
387 2289 439 2351 his,
458 2304 530 2356 quae
549 2289 645 2340 contra
662 2287 800 2340 rationem
816 2281 886 2336 iuris
905 2279 1065 2335 constituta
1084 2276 1162 2334 sunt,

285 2393 344 2430 non
366 2390 513 2443 possumus
538 2373 617 2438 sequi
637 2370 764 2440 regulam
785 2367 862 2420 iuris,
897 2366 1061 2419 IULIANUS:
1090 2357 1108 2412 l.
1130 2365 1163 2412 15

866 2453 900 2505 D.
919 2453 952 2504 dc
970 2453 1037 2516 leqy.
1060 2455 1083 2508 1,
1103 2452 1127 2498 3.

340 2542 455 2607 Quoties
472 2544 588 2611 pactum
606 2557 622 2593 a
639 2541 698 2594 iure
718 2537 860 2592 communi
875 2537 1019 2590 remotum
1032 2536 1085 2595 est,
1106 2545 1165 2582 ser·

288 2625 349 2679 van'
365 2625 419 2678 hoc
437 2641 494 2678 non
512 2625 630 2692 oportet.
983 2669 986 2678 ,

342 2707 417 2772 Quae
437 2707 618 2761 dubitationis
635 2704 778 2760 tollendae
797 2719 884 2757 causa
902 2701 1101 2756 contractibus
1122 2700 1166 2753 in·

289 2796 430 2855 seruntur,
451 2792 495 2844 ius
518 2807 663 2845 commune
680 2807 739 2843 non
755 2788 880 2842 laedunt.
915 2788 1124 2840 PAHMANUS:
1150 2781 1168 2837 l.

768 2879 798 2928 81
818 2874 852 2926 D.
871 2875 904 2926 dc
923 2873 956 2926 R.
976 2873 1002 2927 J.
1022 2879 1065 2932 50,
1088 2877 1131 2924 17.

341 2960 389 3014 Ius
417 2960 556 3029 singulare
584 2961 638 3022 est,
666 2958 742 3026 quod
765 2959 863 3012 contra
884 2960 1017 3010 tenorem
1041 2955 1169 3009 rationis
