2698 3558
725 348 765 411 3ss

364 515 474 570 Desinit
492 514 604 570 debitor
622 530 684 568 esse
703 513 735 577 is,
754 515 803 583 qni
814 518 914 570 nactus
928 518 973 570 est
986 516 1184 586 exceptionem

300 601 417 656 'iustam
434 618 488 654 nec
507 600 541 653 ab
560 599 704 668 aequitate
723 601 845 654 naturali
863 601 1070 656 abhorrentem.

582 685 737 738 lusurus:
757 683 773 739 l.
793 693 825 740 00
845 685 877 739 Ι).
895 689 929 739 dc
948 688 980 740 R.
999 688 1024 740 J.
1044 695 1085 750 50,
1106 695 1146 743 17.

365 771 397 825 In
420 771 495 825 diem
518 770 629 826 debitor
651 771 722 824 adeo
746 771 858 825 debitor
883 775 941 835 est,
963 776 995 826 ut
1017 776 1085 826 ente
1108 772 1184 827 diem

310 857 436 911 solutum
464 858 592 924 repetere
619 873 676 910 non
698 857 797 926 possit.
834 857 967 910 Plutus:
994 855 1010 911 l.
1039 866 1069 912 10
1094 859 1128 911 Ι).
1151 861 1186 912 de

828 945 938 996 condiet.
958 940 1042 998 iudet.
1065 950 1105 1006 12,
1125 951 1150 998 6.

663 1119 833 1176 Debitum.

365 1232 481 1297 Quoties
499 1229 529 1284 in
548 1229 767 1299 obligationibus
792 1231 852 1286 dies
875 1248 932 1285 non
954 1232 1080 1301 ponitur,
1104 1249 1185 1300 prae·

300 1317 388 1372 ‘senti
406 1317 451 1372 die
470 1317 591 1387 pecunia
610 1315 737 1369 debetur.
763 1315 929 1369 Unrmnrrs:
949 1314 965 1370 l.
984 1326 1015 1372 41
1036 1318 1052 1386 ᾖ
1073 1325 1084 1371 1
1105 1317 1139 1370 D.
1153 1320 1187 1370 de

966 1403 993 1456 V.
1018 1403 1045 1456 0.
1064 1410 1106 1465 45,
1127 1411 1150 1457 1.

365 1488 467 1542 Statim
485 1487 612 1550 debetur,
631 1486 707 1556 quod
726 1487 785 1541 sine
805 1487 849 1541 die
869 1487 995 1542 debetur.

228 1564 233 1574 ’
301 1587 304 1594 ·
363 1574 398 1628 In
416 1572 501 1626 dubio
521 1590 633 1642 semper
649 1572 687 1634 id,
706 1572 783 1640 quod
800 1572 892 1626 minus
912 1576 964 1636 est,
984 1573 1111 1628 debetur.

365 1658 417 1723 Qui
435 1661 545 1727 partem
564 1657 654 1710 debiti
672 1657 732 1711 sine
751 1657 956 1727 protestatione
975 1659 1072 1721 solvit,
1091 1661 1186 1714 totum

311 1743 441 1798 debitum
459 1736 615 1812 agnoscere
633 1742 752 1796 videtur.

559 1920 730 1977 Defensio.
762 1922 936 1978 Defensor.

364 2047 564 2103 Defensionem
595 2064 763 2116 quocunque
792 2051 920 2117 tempore
949 2051 1107 2119 postulanti
1136 2069 1188 2105 reo

311 2134 412 2204 neguri
430 2150 488 2187 non
506 2135 627 2202 oportet.
663 2133 795 2186 Pinnos:
818 2131 835 2188 l.
856 2140 886 2190 18
906 2135 922 2203 ξ
942 2142 957 2190 0
975 2136 1009 2188 D.
1032 2139 1065 2188 de
1082 2142 1187 2204 quaest.

1046 2230 1150 2283 4018.

365 2303 464 2358 Nullus
483 2303 610 2372 pluribus
629 2304 671 2358 uti
689 2303 883 2358 defensoribus
901 2305 1077 2374 prohibetur.
1107 2324 1133 2360 c.
1153 2315 1189 2363 20

783 2391 984 2444 ‘denam
1003 2397 1087 2454 6105,
1108 2400 1150 2446 12.

368 2473 421 2538 Qui
433 2491 493 2527 rem
505 2473 627 2528 alienam
639 2474 774 2539 defendit,
794 2492 936 2543 nunquam
953 2477 1080 2547 locuples
1099 2477 1189 2532 habe·

313 2561 368 2612 tur.
404 2559 539 2612 PAULUS:
558 2557 574 2612 ί.
596 2567 643 2615 166
662 2562 695 2613 D.
714 2563 747 2614 de
766 2563 798 2614 B.
817 2562 842 2615 J.
861 2568 902 2624 50,
923 2569 962 2615 17.

297 2687 298 2690 η
366 2644 474 2700 Invitus
495 2661 579 2699 nemo
604 2647 714 2716 cogitur
736 2663 796 2700 rem
822 2646 983 2700 defendere.
1018 2647 1188 2702 Uurmnus:

689 2729 706 2783 Ι.
726 2737 774 2786 156
789 2747 833 2798 pr.
852 2733 885 2784 D.
904 2734 936 2784 de
954 2733 987 2784 R.
1005 2734 1030 2787 J.
1050 2739 1090 2797 50,
1111 2743 1152 2789 17.

367 2813 477 2879 Omnis,
500 2816 549 2884 qui
572 2815 744 2879 defenditur,
768 2815 836 2870 boni
854 2815 907 2869 viri
929 2817 1067 2871 arbitratu
1090 2818 1188 2873 defen-

313 2899 424 2954 dendus
443 2903 495 2955 est.
531 2901 664 2954 Pnunus:
685 2899 701 2954 l.
722 2910 752 2955 77
772 2902 806 2955 I).
824 2904 857 2954 de
872 2908 1010 2968 procurat.
1029 2911 1053 2965 3,
1073 2911 1096 2958 3.

366 2985 456 3039 Nemo
475 2985 588 3046 dubitat
607 2985 742 3040 solvendo
755 2986 844 3040 videri
858 3003 930 3049 eum,
949 2986 997 3054 qui
1016 2986 1190 3043 defenditur.

579 3071 745 3124 Unrmnus:
764 3069 780 3125 l.
800 3078 831 3128 05
850 3072 883 3124 1).
902 3074 934 3124 de
952 3073 986 3125 R.
1005 3073 1029 3126 J.
1048 3080 1090 3134 50,
1112 3082 1151 3128 17.
