2666 3560
585 423 645 486 105

227 587 293 643 Non
314 587 426 643 videtur
448 587 570 659 cepisse,
598 590 647 658 qui
669 603 721 660 per
744 589 940 660 exceptionem
958 607 975 644 a
996 607 1045 661 pe·
1095 653 1098 658 ¹

174 674 278 728 titione
295 677 463 728 removetur.
490 675 656 728 Unrmuus:
675 679 691 730 l.
713 683 743 731 13
762 677 795 730 J).
815 678 847 729 de
866 677 1046 740 R.J.50,17.

228 757 306 812 Nihil
322 758 385 828 peti
402 762 501 829 potest
519 763 585 815 ante
603 760 633 814 id
655 763 781 830 tempus,
805 778 860 829 quo
883 778 933 831 per
954 779 1047 816 rerum

174 847 306 898 naturam
323 843 447 913 persolvi
467 846 568 915 possit.
604 846 733 903 Onasus:
762 849 779 904 l.
797 853 846 902 186
865 848 900 901 D.
918 850 951 901 dc
969 849 1002 901 R.
1020 848 1047 902 J.

227 1014 300 1069 Dolo
311 1014 388 1079 facit,
408 1014 456 1085 qui
467 1016 549 1086 petit,
570 1016 647 1084 quod
659 1016 819 1072 redditurus
834 1021 885 1073 est.
908 941 1046 1072 {hichita
1116 995 1118 1002 Ι

174 1104 193 1153 1.
216 1109 233 1156 8
246 1116 294 1168 pr.
311 1101 346 1154 Ι).
363 1103 397 1154 de
418 1103 474 1156 doli
494 1103 560 1154 moli
582 1117 641 1156 cxc.
659 1112 701 1166 44,
720 1113 736 1157 4
755 1105 808 1170 (cs.
826 1120 848 1156 c.
868 1110 900 1158 tt
918 1107 952 1159 dc
969 1106 1002 1158 R.
1020 1105 1047 1159 J.

802 1191 829 1241 a
849 1195 891 1242 cco
909 1198 933 1252 5,
953 1199 1011 1255 12).

358 1359 360 1366 ’
415 1383 554 1450 Pignus.
591 1383 801 1450 Hypothecs.

225 1509 304 1564 Inter
320 1510 425 1580 pignus
444 1513 474 1565 et
491 1511 685 1580 hypothecam
702 1515 815 1567 tantum
826 1512 947 1566 nominis
961 1523 1047 1567 sonus

175 1595 278 1650 differt.
314 1595 504 1654 Memmius:
521 1599 539 1650 l.
558 1605 573 1650 5
593 1597 609 1665 ᾗ
630 1604 643 1649 1
663 1598 696 1651 I).
716 1599 928 1664 deprimendo,
950 1609 971 1652 1.

168 1713 170 1716 -
225 1681 332 1750 Pignus
352 1681 478 1745 dicimus,
498 1682 575 1751 quod
593 1683 630 1736 ad
643 1682 812 1737 creditorem
824 1683 939 1738 transit:
957 1684 1045 1754 hypo·

173 1765 298 1830 thecam,
317 1784 382 1820 eum
399 1784 454 1821 non
474 1769 577 1822 transit
588 1785 642 1821 nec
655 1767 800 1837 possessio
819 1769 856 1822 ad
869 1768 1046 1824 creditorem.

335 1851 502 1906 ULPIANUS:
522 1856 538 1907 l.
558 1861 572 1907 9
593 1854 609 1922 ᾖ
629 1861 642 1906 2
663 1855 696 1907 1).
715 1857 748 1906 de
761 1857 835 1921 pipo.
855 1861 905 1908 act.
927 1861 965 1918 13,
986 1863 1008 1908 7.

224 1935 355 2006 Pignoris
379 1939 571 2008 appellatione
596 1955 659 1992 eam
680 1938 794 2009 proprie
821 1956 881 1994 rem
908 1939 1045 1995 contineri

174 2021 303 2085 dicimus,
321 2039 396 2090 quae
415 2023 498 2078 simul
517 2023 604 2078 etiam
621 2024 743 2078 traditur
761 2024 905 2088 creditori,
923 2027 1057 2078 maxime,

175 2107 199 2160 si
221 2107 334 2161 mobilis
353 2107 397 2161 sit.
432 2109 471 2162 At
493 2126 569 2172 eam,
598 2126 671 2176 quae
699 2109 759 2163 sine
786 2109 941 2164 traditione
967 2110 1049 2164 nuda.

174 2192 363 2247 conventione
387 2196 512 2258 tenetur,
535 2194 648 2265 proprie
671 2195 851 2265 hypothecae
869 2195 1044 2265 apellatione

174 2277 314 2332 contineri
332 2278 459 2333 dicimus.
496 2281 513 2348 5
533 2289 546 2334 t
566 2281 590 2334 J.
609 2284 641 2334 de
660 2288 709 2334 act.
728 2291 752 2344 4,
773 2289 795 2336 6.

225 2362 332 2433 Pignus
355 2367 487 2419 manente
509 2365 685 2436 proprietate
709 2366 845 2421 debitoris
870 2367 959 2422 solam
978 2385 1043 2437 pos·

173 2447 331 2503 sessionem
352 2450 487 2504 transfert
510 2450 547 2504 ad
572 2451 748 2506 creditorem.
783 2451 1008 2507 unemundus:
1027 2457 1044 2507 l.

542 2543 573 2592 35
594 2538 610 2605 ξ
633 2547 643 2590 1
663 2539 697 2591 D.
717 2541 749 2591 dc
764 2540 836 2606 μέρη.
856 2545 906 2593 act.
927 2548 966 2604 13,
986 2549 1009 2593 7.

225 2618 333 2688 Pignus
347 2620 523 2676 contrahitur
535 2639 593 2676 non
606 2622 697 2677 solum
713 2623 874 2688 traditione,
894 2624 1043 2679 sedetiam

172 2703 251 2758 nuda
269 2704 465 2770 conventione,
484 2706 538 2762 etsi
555 2725 611 2761 non
633 2708 772 2763 traditum
791 2712 841 2764 cst.
877 2709 1042 2762 Unrmnus:

533 2794 548 2845 l.
569 2802 581 2847 1
597 2809 644 2860 pr.
663 2795 696 2846 J).
716 2797 748 2847 de
761 2798 836 2862 pipo.
855 2802 905 2849 act.
926 2804 965 2859 13,
985 2805 1008 2849 7.

228 2873 310 2940 Quod
328 2874 479 2932 emtionem
496 2877 691 2933 venditionem
708 2879 821 2950 recipit,
840 2881 926 2934 etiam
944 2881 1041 2951 pigne·

171 2959 313 3014 rationem
339 2960 465 3031 recipere
491 2965 596 3032 potest.
640 2964 747 3018 (ἔωθε
775 2968 791 3019 l.
820 2973 834 3021 9
863 2967 879 3035 ᾖ
908 2975 920 3020 1
949 2968 982 3021 D.
1010 2970 1044 3020 dc

798 3054 904 3118 pipnor.
924 3060 964 3116 20,
985 3061 1008 3106 1.

226 3130 302 3185 Suae
320 3131 361 3186 rei
378 3131 482 3203 pignus
499 3150 558 3188 non
576 3135 714 3190 consistit.
