2666 3560
601 269 641 331 99

532 477 713 546 ObligatiO.

237 587 381 660 Obligatio
405 592 449 644 est
470 587 538 643 iuris
557 588 712 652 vinculum,
736 605 793 657 quo
815 590 985 645 necessitate
1009 592 1057 645 ad·

184 674 350 744 stringimur
359 672 479 730 alieuius
489 674 529 729 rei
538 673 692 728 solvendae
702 675 859 729 seeundum
869 673 932 730 iura
943 680 1058 732 nostrae

184 760 319 816 civitatis.
350 777 396 828 pr.
415 761 441 815 J.
458 763 491 814 de
508 761 583 827 oblip.
603 767 627 822 3,
647 767 686 814 14.

237 845 451 915 Obligationum
478 844 641 900 substantia
661 862 720 900 non
741 845 771 900 in
794 863 828 902 eo
856 846 996 910 consistit,
1023 849 1057 902 ut

184 931 302 1000 aliquod
320 948 421 1002 eorpus
439 935 568 986 nostrum
585 935 636 986 aut
647 931 811 988 servitutem
822 936 948 988 nostram
959 932 1056 998 faeiat,

184 1018 237 1073 sed
263 1019 296 1071 ut
322 1016 409 1072 alium
434 1016 517 1071 nobis
545 1016 706 1086 adstringat
733 1018 769 1072 ad
796 1017 921 1074 dandum
949 1018 1057 1088 aliquid

185 1103 231 1158 vel
248 1102 411 1157 faciendum
427 1103 474 1158 vel
491 1102 701 1172 praestandum.
737 1103 872 1158 Pinnos:
891 1107 908 1158 l.
927 1111 942 1159 3
956 1121 1003 1171 pr.
1023 1105 1056 1158 D.

738 1189 1021 1252 &aalma

235 1271 279 1328 Ea
305 1273 335 1327 in
361 1272 535 1342 obligatione
563 1272 733 1338 consistunt,
764 1291 837 1342 qnae
866 1274 990 1344 pecunia
1015 1274 1057 1327 lui

184 1359 383 1430 praestarique
400 1361 528 1429 possunt.
563 1359 730 1413 Uannius:
749 1361 765 1413 1.
786 1367 800 1414 9
820 1361 836 1428 5
852 1367 866 1414 2
885 1361 920 1414 D·
935 1362 968 1414 de
985 1365 1057 1413 statu
1079 1367 1082 1372 '

876 1446 919 1498 lib.
937 1452 979 1508 40,
998 1452 1021 1499 7.

236 1531 363 1601 obligari
397 1533 494 1601 potest
528 1530 745 1600 paterfamilias,
788 1549 856 1586 suae
895 1529 1056 1602 potestatis,

182 1618 284 1687 pubes,
304 1633 420 1686 compos
438 1617 549 1672 mentis.
584 1617 719 1672 Planus:
739 1619 755 1671 1.
774 1625 807 1673 lt
827 1617 858 1672 D.
878 1620 911 1672 de
933 1618 961 1672 0.
980 1622 1007 1671 et
1022 1619 1055 1670 Α.

937 1710 978 1766 44,
998 1709 1022 1760 7,

237 1787 354 1842 Consilii
371 1804 429 1842 non
446 1788 620 1843 fraudulenti
637 1788 716 1842 nulla
734 1787 872 1857 obligatio
891 1790 943 1842 est.

389 1873 960 1941 Uannnus:1.4npr.1>.den.l.so‚
981 1881 1021 1928 17.

236 1957 325 2014 Nemo
353 1975 387 2013 ex
413 1959 531 2014 oonsilio
559 1956 709 2028 obligatur.
747 1957 853 2013 GAIus:
880 1961 897 2012 l.
917 1966 932 2014 2
952 1959 968 2027 ἓ
987 1965 1003 2013 6
1022 1958 1055 2012 Ι).

804 2047 978 2108 mandatill,
998 2052 1020 2098 1.

235 2127 278 2184 Ex
297 2129 542 2185 commendatione
560 2133 590 2186 at
608 2129 725 2184 oonsilio
738 2129 864 2200 generali
875 2130 954 2184 nulla
964 2128 1055 2184 nasei-

184 2219 231 2270 tur
249 2214 396 2285 obligatio.

236 2300 431 2356 (lentissimum
458 2304 502 2356 est
529 2318 562 2356 ex
589 2301 705 2356 altenus
736 2304 885 2356 contractu
914 2300 1056 2354 neminem

184 2385 313 2456 obligan'.
350 2387 380 2442 L.
398 2394 414 2441 3
436 2387 461 2442 O.
480 2404 513 2440 ne
529 2403 603 2441 uxor
615 2403 670 2454 pro
687 2396 712 2450 4,
733 2394 772 2441 12.

236 2471 326 2526 Nemo
346 2471 470 2526 alienum
487 2472 594 2527 laetum
611 2471 805 2542 promittendo
825 2471 975 2541 obligatur.

235 2557 300 2613 Non
320 2559 418 2626 potest
441 2557 526 2627 [quis]
549 2575 602 2626 pro
625 2558 725 2612 eodem
745 2561 775 2612 et
793 2557 885 2612 eidem
904 2573 966 2612 esse
985 2553 1054 2610 obli·

183 2647 278 2714 gatus.
313 2642 447 2696 Plutus:
465 2646 482 2696 I.
502 2651 534 2698 56
553 2645 570 2712 ὅ
591 2653 602 2698 1
624 2644 656 2698 D.
675 2647 708 2698 de
722 2645 796 2712 fidej.
815 2649 858 2707 46,
878 2650 901 2697 1.

235 2727 458 2797 Impossibilium
477 2729 557 2783 nulla
575 2728 712 2798 obligatio
732 2732 783 2783 est.
821 2728 951 2784 Onasus:
969 2729 985 2780 l.
1006 2733 1055 2782 185

720 2814 1019 2878 RQRLQU

234 2899 325 2955 Nemo
352 2903 449 2969 potest
474 2901 512 2955 ad
533 2899 708 2971 impossibile
731 2900 860 2970 obligari.
895 2915 917 2954 e.
936 2905 951 2953 6
969 2899 1002 2952 de
1020 2897 1054 2951 R.

783 2987 854 3040 ,tin
873 2990 916 3039 tto
935 2992 959 3049 5,
979 2990 1020 3041 12.

868 3086 899 3142 7*
