2698 3558
654 361 674 425 3

279 529 371 598 Agere
390 546 447 583 non
465 528 573 584 valenti
590 545 648 583 11011
667 528 753 582 currit
770 528 966 600 praescriptio.

279 611 383 668 Omnes
402 613 538 677 actiones,
557 631 630 681 quae
649 617 739 668 morte
759 617 810 668 aut
827 617 954 684 tempore
967 617 1098 684 pereunt,

230 699 319 753 semel
338 698 466 754 inclusae
489 698 594 754 iudicio
618 699 713 753 salvae
739 703 915 769 permanent.
952 699 1057 754 Gerus:
1081 703 1098 754 1.

638 790 685 838 139
700 799 745 852 pr.
765 784 797 838 D.
816 786 849 838 dc
868 785 943 856 rel.
963 793 1003 849 50,
1025 793 1063 840 17.

279 869 414 924 Actiones
432 873 582 924 transeunt
600 870 637 924 ad
654 870 774 924 heredes
794 869 871 925 etin
888 871 1017 929 heredes.

279 955 415 1010 Actiones
433 955 531 1010 heredi
550 954 626 1010 etin
643 955 778 1010 heredem
797 961 973 1026 competunt.

279 1041 363 1096 Actio
382 1041 471 1096 semel
489 1041 615 1096 extincta
632 1058 690 1095 non
706 1041 859 1096 reviviscit.

280 1125 502 1181 Remittentibus
537 1126 664 1181 actiones
696 1144 761 1181 suas
791 1144 850 1181 non
879 1131 924 1182 est
952 1145 1098 1198 regressus

230 1212 348 1267 dandus.
378 1212 540 1265 Uerrium:
560 1215 577 1266 l.
597 1219 629 1267 14
647 1217 693 1277 §9
713 1213 745 1266 Ι).
764 1214 797 1266 de
814 1214 893 1268 cedit.
912 1215 1054 1276 01111021,
1075 1221 1097 1270 l.

281 1298 334 1363 Qui
347 1297 489 1352 destiterit
501 1314 594 1367 agere,
608 1297 729 1368 amplius
740 1301 770 1352 et
779 1314 914 1353 accusare
923 1297 1099 1368 prohibetur.

432 1383 562 1436 Prosus:
582 1385 598 1436 t.
618 1383 844 1438 0110081001
865 1385 944 1451 lterp.
963 1389 1004 1447 48,
1024 1392 1064 1439 16.

279 1461 431 1524 Destitisse
450 1472 546 1524 autem
564 1468 588 1522 is
607 1468 731 1531 videtur,
753 1485 809 1522 non
833 1467 883 1536 qui
901 1468 1023 1532 distulit,
1048 1468 1099 1522 sed

230 1555 280 1622 qui
296 1554 340 1607 liti
357 1553 534 1613 renunciavit
554 1555 584 1608 111
606 1557 708 1612 totum.
742 1554 904 1607 Urmrus:
929 1556 945 1608 t.
965 1561 995 1609 21
1016 1555 1049 1608 Ι).
1067 1555 1101 1606 de

885 1643 977 1694 minor.
996 1647 1021 1702 4,
1039 1647 1065 1693 4.

281 1724 430 1779 Destitisse
450 1742 515 1778 eum
532 1723 717 1795 accipiemus,
741 1724 790 1792 qui
812 1725 842 1779 in
863 1728 956 1779 toturn
975 1724 1100 1778 animum

231 1811 335 1879 agendi
353 1809 494 1880 deposuit,
512 1827 570 1865 non
588 1809 637 1878 qui
655 1809 767 1864 distulit
784 1809 1005 1866 accusationem.

353 1896 484 1949 Pronus:
504 1898 521 1952 t.
541 1903 633 1964 repr.
653 1896 684 1949 D.
704 1898 741 1949 ad
757 1895 844 1950 Sctum
866 1897 1005 1964 11111148,
1026 1903 1065 1950 16.

281 1980 415 2035 Actiones
439 1980 564 2036 directae
588 1984 666 2045 sunt,
693 1998 767 2049 quae
794 1984 950 2036 nascuntur
973 1998 1007 2034 ex
1028 1980 1101 2050 ipsis

229 2067 326 2135 legum
345 2066 446 2123 verbis.

282 2152 365 2217 Quod
386 2150 529 2206 contraria
551 2151 664 2206 actione
687 2151 824 2220 consequi
847 2152 910 2220 quis
934 2155 1044 2222 potest,
1071 2150 1102 2204 id

231 2237 318 2292 etiam
348 2236 457 2292 directa
487 2236 599 2292 actione
630 2241 787 2291 conventus
821 2255 873 2307 per
903 2237 1100 2306 exceptionem

233 2339 333 2392 urgere
351 2325 456 2392 potest.

282 2409 364 2463 Actio
383 2407 462 2462 utilis
477 2411 529 2472 est,
548 2423 622 2476 quae
636 2425 669 2462 ex
680 2411 776 2462 mente
789 2408 861 2478 legis
875 2409 911 2462 ob
925 2406 1101 2474 aequitatem

231 2495 270 2548 ad
288 2494 358 2548 alios
378 2511 461 2548 casus
480 2493 648 2550 extenditur.

542 2641 657 2694 Actor.
687 2638 789 2694 Reus.

282 2749 369 2813 Actor
385 2749 428 2806 rei
444 2750 536 2805 forum
555 2749 689 2819 seqnitur.
726 2751 755 2803 L.
774 2756 789 2804 3
811 2750 837 2804 0.
856 2749 900 2801 utr'
916 2751 943 2800 in
960 2764 1015 2801 rem
1033 2746 1104 2800 ectio

982 2841 1005 2897 3,
1026 2839 1065 2887 19.

283 2921 339 2976 Ubi
357 2921 530 2977 domicilium
545 2939 611 2976 reus
629 2921 718 2975 habet
735 2920 782 2977 vel
794 2924 921 2990 tempore
936 2921 1101 2973 contractus

231 3007 345 3071 habuit,
363 3007 432 3062 lieet
448 3009 503 3064 hoe
520 3011 623 3078 postca
640 3006 830 3070 transtulerit,
847 3005 888 3060 ibi
906 3008 1018 3060 tanturn
1036 3021 1101 3059 eum

232 3093 377 3147 conveniri
396 3096 516 3163 oportet.
553 3095 581 3147 L.
601 3099 615 3148 2
638 3094 664 3146 O.
683 3094 864 3159 dejci-adm.
884 3099 907 3155 3,
928 3099 968 3146 13.

917 3178 947 3230 1*
