2666 3560
674 259 734 324 138

323 432 413 500 Quiin
423 430 538 486 atterius
548 430 643 483 locum
653 424 792 488 succedit,
804 422 910 476 iustam
921 417 1011 471 habet
1024 426 1144 466 oausam

273 517 458 590 ignorantiae,
477 514 564 577 auid,
583 512 660 581 qnod
671 512 825 580 peteretur,
844 504 1003 560 deberetur.
1034 497 1145 552 GAIUS:

277 653 280 673 ,
716 587 1111 649 teneuram

326 688 396 742 Cum
414 685 477 754 quis
494 685 525 738 in
542 683 586 738 ius
608 679 735 736 succedit
753 677 877 739 alterius,
896 674 1003 728 iustam
1013 669 1148 738 ignoran-

276 774 333 829 tiae
357 789 473 827 cansam
496 771 627 824 censetur
648 765 762 820 habere.
798 779 820 816 c.
846 769 877 816 14
900 761 933 813 de
956 757 990 810 R.
1009 755 1034 808 J.
1058 755 1085 804 in
1105 754 1149 804 tto

1027 846 1051 902 5,
1073 844 1114 891 12.

328 943 468 1011 Tempora
484 937 607 1010 auctoris
627 939 657 991 et
675 932 847 990 successoris
867 927 1088 996 coniunguntur.

329 1025 519 1082 Successionis
539 1024 575 1077 ab
592 1023 728 1076 intestato
747 1019 872 1073 ordines:

313 1110 492 1166 Descendens
512 1107 602 1162 omnis
622 1104 749 1160 succedit
765 1103 796 1157 in
815 1101 914 1157 ordine
933 1097 1035 1168 primo,

313 1196 475 1250 Ascendens
493 1191 616 1263 propior,
635 1207 794 1260 germanus
812 1186 886 1240 filius
908 1183 977 1245 eius,

315 1283 393 1336 Tunc
411 1281 500 1333 latere
519 1295 553 1332 ex
571 1293 626 1330 uno
644 1277 738 1338 frater,
757 1288 872 1343 quoque
891 1269 964 1323 filius
985 1267 1054 1333 eius,

315 1366 443 1433 Denique
461 1363 613 1433 proximior
630 1360 803 1429 reliquorum
820 1357 943 1426 quisque
963 1353 1119 1421 superstes

608 1519 822 1589 superficies.

336 1634 501 1704 Superficics
520 1633 557 1686 ad
575 1631 720 1686 dominum
738 1629 791 1684 soli
813 1628 947 1697 pertinet
985 1623 1160 1683 ULRIANUS:

703 1717 721 1768 l.
741 1722 773 1770 to
791 1714 825 1767 1).
844 1713 948 1779 udleq.
967 1711 1036 1777 Apu.
1055 1713 1079 1770 9,
1099 1712 1125 1758 2.

339 1803 505 1873 Superficies
525 1803 585 1855 solo
604 1801 686 1855 cedit.

338 1889 488 1957 Nunquam
506 1887 666 1956 superficies
679 1885 739 1939 sine
758 1885 818 1939 solo
838 1882 905 1952 capi
920 1882 1008 1950 longo
1029 1880 1162 1945 tempore

289 1977 391 2044 potest.
426 1967 589 2027 ussurus:
610 1974 626 2026 1.
646 1978 678 2026 26
697 1972 730 2025 D.
749 1973 781 2022 de
798 1984 894 2036 usurp.
912 1975 954 2030 41,
975 1973 998 2019 3.

341 2058 370 2112 Si
387 2060 477 2112 solum
494 2056 612 2125 usucapi
629 2073 686 2110 non
703 2054 818 2124 poterit,
835 2068 890 2107 nec
909 2048 1076 2120 superficies
1095 2063 1163 2101 usu-

291 2141 409 2210 capitur.
443 2142 631 2211 morasus:
651 2143 668 2194 l.
688 2146 720 2194 ³9
739 2140 772 2193 D.
791 2141 823 2192 de
841 2153 935 2204 usurp.
955 2143 997 2198 41,
1017 2141 1040 2187 3.

432 2301 433 2304 ¹
492 2285 716 2361 superfluum.
751 2281 954 2336 Abundans.

341 2392 403 2448 Non
422 2393 520 2456 solent,
539 2409 610 2460 quae
629 2392 785 2454 abundant,
805 2390 906 2444 vitiare
925 2389 1093 2458 scripturas.

551 2477 715 2537 Uestinus:
733 2478 752 2530 l.
771 2477 855 2530 941).
876 2478 909 2529 de
927 2477 962 2529 R.
980 2475 1006 2528 J.
1026 2480 1068 2536 50,
1089 2479 1131 2527 17.

344 2560 491 2629 Superflna
507 2578 564 2615 non
581 2564 692 2617 nocent.

344 2644 524 2714 Supervacua
543 2645 681 2715 scriptura
698 2663 755 2700 non
776 2649 864 2705 nocet
886 2645 994 2714 legato.
1031 2643 1166 2696 Pincus:

613 2733 629 2784 l.
649 2738 680 2786 26
700 2732 716 2799 ᾖ
737 2739 750 2784 1
769 2731 805 2784 D.
824 2733 858 2783 de
876 2732 955 2783 odim.
976 2731 1026 2795 lec.
1046 2736 1088 2791 31,
1108 2736 1133 2782 4.

345 2813 491 2883 superflua
514 2815 661 2869 adnrittere
684 2815 809 2870 securius
835 2818 879 2868 est
897 2831 985 2882 quam
1002 2812 1169 2868 necessaria

298 2898 434 2952 omittere.

346 2982 521 3051 superfluum
534 3001 590 3038 non
604 2987 654 3047 est,
670 2984 746 3053 quod
760 2984 797 3038 ad
807 2981 1168 3053 declarationemponitur.
