2698 3558
698 303 739 366 38

590 477 851 532 Demonstratio.

335 586 544 644 Demonstratio
564 590 608 640 est
625 586 778 656 descriptio
796 587 845 649 rei,
865 603 937 655 quae
955 586 1078 654 legatur.

345 674 554 726 Timeamus:
572 675 599 724 in
617 672 634 740 6
653 679 686 726 3ο
704 673 770 726 Inst.
788 675 820 726 de
837 670 931 740 tepetis
947 675 983 738 [e
999 669 1130 738 praeool.

337 756 545 813 Demonstratio
563 757 727 825 plerumque
746 757 808 811 vioe
826 756 948 811 nominis
968 753 1108 824 fungitur.

305 844 528 896 Faoaanrnws:
547 837 564 893 l.
583 842 666 894 341).
686 843 718 894 de
730 845 825 896 condit.
839 847 865 895 et
876 844 1020 894 demonstr.
1040 846 1082 901 35,
1105 845 1129 890 1.

337 929 421 980 Falsa
447 924 687 980 demonstratione
714 927 816 981 mutari
843 926 1003 980 substantia
1030 922 1168 979 veritatis

286 1013 401 1066 minime
420 1015 521 1081 potest.
559 1012 587 1064 b.
607 1018 621 1065 5
644 1012 669 1064 0.
688 1012 720 1063 de
730 1015 755 1077 j.
774 1017 801 1065 et
814 1011 838 1077 ll
859 1015 942 1078 tpnor.
964 1020 986 1074 1,
1008 1017 1048 1064 18.

338 1097 421 1150 Falsa
439 1095 642 1150 demonstratio
660 1112 718 1148 non
735 1100 827 1150 uooet.

618 1271 827 1340 Depositum.

339 1400 506 1469 Depositum
518 1402 569 1461 est,
582 1399 658 1467 quod
670 1400 885 1454 custodiendum
897 1400 984 1454 alicui
998 1400 1099 1453 datum
1113 1401 1171 1452 est.

542 1483 706 1538 ULPIANUS:
725 1483 741 1539 l.
763 1494 836 1552 lpr.
856 1487 888 1537 Ι).
908 1487 1025 1552 depositi
1046 1492 1086 1546 16,
1107 1491 1132 1538 3.

340 1568 393 1623 Rei
411 1568 557 1637 depositae
575 1569 732 1638 proprietas
750 1569 827 1639 apud
845 1569 1040 1638 deponentem
1058 1571 1171 1624 manet

455 1653 680 1705 Faomsnrmus:
698 1651 714 1707 l.
736 1663 765 1708 11
786 1655 802 1721 ἓ
825 1663 835 1707 1
857 1655 889 1706 Ι).
908 1656 1027 1721 depositi
1046 1661 1087 1716 16,
1108 1663 1133 1708 3.

341 1737 426 1791 Aliud
444 1741 488 1791 est
506 1738 619 1792 eredere
638 1739 714 1792 aliud
733 1739 882 1812 deponere.
909 1739 1082 1792 Uuemnus:
1102 1737 1120 1792 t.
1136 1747 1172 1792 24

646 1825 662 1890 5
682 1825 748 1876 21).
769 1826 802 1876 de
820 1821 899 1876 rebus
917 1830 1020 1877 auctor,
1040 1832 1083 1886 42,
1105 1831 1130 1879 5.

342 1905 458 1974 Proprie
477 1905 618 1978 autemin
636 1911 779 1975 sequestre
799 1911 842 1961 est
860 1908 1033 1976 depositum,
1053 1908 1135 1976 quod
1155 1925 1174 1961 a

292 1990 418 2060 pluribus
445 1989 475 2043 in
502 1990 622 2044 solidum
649 1995 726 2045 certa
753 1992 915 2046 conditione
944 1994 1175 2060 custodiendum

291 2074 521 2153 reddendamque
534 2074 660 2128 traditur.
687 2076 819 2128 Faunus:
838 2073 855 2128 l.
869 2084 884 2130 6
898 2078 931 2129 D.
945 2080 1063 2145 depositi
1083 2087 1126 2142 16,
1148 2086 1175 2133 3.

312 2215 317 2226 ,
344 2157 510 2226 Depositum
527 2159 614 2213 habet
631 2161 826 2214 executionem
843 2165 982 2228 paratam.

625 2335 823 2393 Detestatio.

345 2457 501 2514 Detestatio
520 2464 564 2514 est
582 2461 756 2535 denuntiatio
774 2463 849 2516 faeta
869 2482 933 2517 oum
951 2466 1122 2522 testatione.

492 2543 657 2598 Uaemuus:
676 2544 691 2599 t.
711 2554 744 2601 40
757 2563 804 2613 pr.
822 2548 856 2600 Ι).
875 2550 908 2601 de
933 2550 960 2602 V.
980 2548 1009 2604 S.
1030 2558 1074 2613 50,
1097 2560 1140 2607 16.

346 2627 489 2682 Detestari
506 2631 550 2681 est
567 2629 677 2685 absenti
695 2631 869 2685 denuntiare.
888 2631 1025 2687 Faunus:
1045 2633 1062 2689 t.
1078 2645 1112 2692 39
1127 2639 1180 2705 §2

823 2716 856 2768 1).
875 2719 908 2769 de
933 2719 960 2770 V.
980 2716 1009 2771 S.
1030 2728 1074 2783 so,
1097 2729 1142 2776 16.

684 2874 774 2930 Dies.

347 2978 495 3033 Hereditas
514 2996 548 3034 ex
566 2980 611 3034 die
629 2983 675 3036 vel
693 2983 729 3035 ad
746 2983 821 3036 diem
839 3000 897 3038 non
909 2992 987 3042 reete
1001 2989 1103 3044 datur:
1125 2993 1184 3047 sed
