2698 3558
664 357 684 417 4

289 522 352 576 Non
371 521 458 576 debet
476 521 565 574 act-ori
582 521 676 584 licere,
695 522 771 589 quod
788 538 836 576 reo
856 539 913 577 non
924 521 1107 592 permittitur.

442 605 603 659 Uurrrrus:
623 609 640 660 1.
658 615 691 662 42
705 623 752 674 pr.
771 605 803 660 1).
822 610 862 670 dc
874 608 908 662 R.
926 608 951 662 J.
970 614 1011 670 50,
1032 616 1072 664 ιτ.

289 692 513 748 Favorabiliores
531 692 684 762 rei-potius
704 709 791 760 quam
809 697 919 749 actores
942 693 1093 748 habentur.

544 777 649 832 orror:
669 780 685 831 1.
706 786 755 833 125
775 780 808 833 Ι).
826 781 859 832 de
877 781 909 834 R.
922 780 949 836 J.
967 786 1009 840 50,
1030 787 1072 833 17.
1099 849 1102 853 ι

290 861 361 918 Cum
378 866 446 917 sunt
462 863 586 933 partium
603 863 665 917 iura
684 863 813 926 obscura,
831 881 879 919 reo
893 865 1048 919 favendum
1061 869 1107 919 est

237 949 333 1020 potius
353 966 439 1016 quam
458 948 556 1006 actori.
591 965 613 1004 c.
633 957 663 1004 11
684 952 717 1004 de
735 952 769 1005 R.
787 951 813 1005 J.
831 953 858 1004 in
876 957 919 1006 tto
937 958 961 1013 5,
981 958 1022 1008 12.

289 1037 385 1105 Agens
405 1035 464 1090 sine
483 1035 595 1090 actione
615 1053 632 1090 a
649 1035 745 1090 limine
763 1036 861 1091 iudicii
878 1035 1032 1106 repellitur

288 1123 391 1176 Actore
405 1120 480 1176 enim
492 1138 550 1176 non
567 1123 715 1192 probante,
734 1122 783 1190 qui
801 1121 975 1184 convenitur,
994 1121 1049 1176 etsi
1066 1121 1107 1174 ni·
1132 1181 1134 1186 ,

237 1207 278 1262 hil
295 1207 357 1278 ipse
374 1209 512 1277 praestat,
526 1207 680 1262 obtinebit.
708 1209 738 1264 ι,
755 1215 772 1261 4
794 1209 821 1262 θ.
838 1209 871 1261 de
889 1209 987 1261 edendo
1006 1214 1029 1269 2,
1050 1214 1074 1263 1.

255 1328 257 1334 ι
290 1293 407 1363 Semper
424 1293 580 1348 necessitas
598 1292 739 1362 probandi
754 1291 894 1347 incumbit
909 1292 959 1356 ini,
978 1292 1026 1360 qui
1039 1291 1107 1362 agit.

470 1378 660 1432 Misenum:
679 1380 696 1432 1.
716 1385 747 1434 21
767 1379 800 1435 1).
818 1381 852 1432 de
864 1380 972 1445 probat.
990 1384 1030 1440 22,
1050 1385 1073 1431 ³.

289 1463 324 1518 Ei
340 1464 480 1518 incumbit
496 1463 637 1533 probatio,
655 1463 705 1532 qni
723 1463 800 1527 dicit,
818 1481 875 1518 non
894 1463 943 1531 qui
960 1467 1056 1533 negat.

332 1585 334 1588 -
442 1554 444 1558 '
470 1611 472 1615 ,
543 1549 674 1604 Pennus:
694 1551 796 1606 2212.
814 1552 847 1603 de
859 1551 966 1618 probat.
985 1556 1026 1612 22,
1048 1556 1072 1604 3,

288 1635 447 1690 Affirmanti
464 1634 603 1690 incumbit
619 1634 761 1704 probatio

289 1720 373 1774 Nullo
392 1724 488 1776 actore
507 1721 600 1775 nullus
618 1720 712 1777 index.

290 1806 427 1860 Cessante
445 1806 583 1860 interesse
602 1823 690 1876 agens
709 1822 766 1861 non
785 1805 907 1862 auditur.v

288 1893 380 1962 Agere
394 1891 481 1946 etiam
492 1891 516 1945 is
529 1891 648 1954 videtur,
668 1890 717 1959 qui
735 1891 901 1961 exceptione
919 1891 1021 1946 utitur:
1039 1908 1115 1943 nam

237 1995 303 2033 reus
325 1976 354 2030 in
377 1976 544 2047 exceptione
568 1980 648 2032 actor
670 1980 722 2032 est.
756 1976 919 2030 Uhrlsuus:
943 1979 960 2031 1.
985 1977 1051 2030 11).
1075 1979 1109 2030 dc

864 2069 969 2131 except.
987 2071 1027 2125 44,
1048 2070 1072 2117 l.

288 2149 364 2202 Reus
383 2147 550 2217 excipiendo
568 2149 600 2202 fir
617 2152 705 2203 actor.
794 2192 797 2198 .
857 2187 859 2191 -

289 2235 321 2286 In
333 2220 451 2288 'duobus
469 2233 523 2288 reis
543 2251 595 2303 par
612 2233 759 2302 utriusque
778 2251 866 2289 causa
885 2238 937 2289 est.

290 2319 372 2384 Quod
389 2336 454 2373 reus
472 2318 582 2382 iuravit,
602 2319 688 2373 etiam
705 2318 863 2374 fideiussori
879 2319 999 2390 proficit.

480 2404 610 2458 Pnuaus:
630 2407 647 2462 1.
666 2403 698 2460 '28
716 2409 735 2469 ἕ
754 2413 767 2458 1
788 2406 820 2462 Ι).
838 2408 871 2460 dc
882 2409 969 2473 jurej.
990 2412 1030 2468 12,
1049 2411 1072 2460 2.

288 2490 368 2544 Mora
385 2488 426 2543 rei
443 2489 602 2545 fideiussom'
620 2508 732 2559 quoque
756 2494 849 2545 nocet.
883 2490 1014 2544 Pnunus:
1038 2493 1055 2546 1.
1074 2497 1107 2547 88

783 2576 1072 2640 nassomu

289 2659 361 2714 Cum
378 2677 442 2715 reus
460 2677 568 2715 moram
585 2660 661 2722 fecit,
681 2663 711 2715 'et
727 2659 876 2715 fideiussor
893 2664 1016 2716 tenetur.

469 2747 599 2800 Pnunus:
619 2749 635 2803 1.
655 2755 688 2802 24
706 2752 724 2812 §
744 2756 755 2801 1
777 2748 809 2800 Ι).
827 2749 860 2800 dc
877 2750 969 2800 cruris
987 2754 1028 2800 22.
1049 2757 1072 2802 1.

590 2889 750 2960 Adoptio.

127 3080 130 3088 .
288 2999 412 3071 Adoptio
431 3004 475 3056 est
491 3001 635 3072 legitimus
655 3004 744 3066 actus,
763 3005 895 3058 naturam
905 2999 1029 3064 imitans,
1049 3021 1106 3072 quo

236 3084 340 3142 liberos
358 3087 440 3142 nobis
460 3087 629 3156 quaerimus.
