2698 3558
585 319 625 384 39

164 488 239 542 vitio
257 487 392 556 temporis
411 487 522 543 sublato
540 493 637 543 manet
656 489 807 544 institutio.
842 491 1041 546 Pteme-noe:

579 571 595 627 l
615 576 700 630 341).
719 576 825 630 deber.
844 579 904 630 inst.
923 584 964 641 28,
983 586 1007 634 t.

220 657 287 712 Dies
321 658 446 714 incertus
483 659 676 716 conditionem
705 660 735 714 in
764 664 935 717 testamento
965 663 1044 720 facit.

197 744 398 798 PAPmANUS:
417 743 433 798 l
454 753 484 801 75
503 747 536 799 D.
555 749 588 799 de
606 749 699 800 condat.
719 753 745 801 et
762 749 904 801 demonstr.
924 756 964 813 35,
984 758 1007 803 1.

220 827 264 883 Ex
281 829 327 884 die
345 830 447 900 incipit
465 830 609 902 obligatio.

221 916 256 970 In
274 916 402 970 omnibus
423 917 651 986 obligationibus,
669 918 700 971 in
718 918 819 986 quibus
838 919 898 974 dies
917 937 975 973 non
992 938 1042 989 po·
1130 977 1134 986 ,

165 1002 253 1064 nitur,
271 1002 415 1070 praesenti
434 1001 479 1056 die
501 1002 626 1058 debetur.
662 1003 847 1056 POMPONIUS:
870 1001 886 1057 l.
908 1012 939 1059 14
957 1007 992 1059 D.
1010 1009 1044 1060 de

222 1173 324 1228 Statim
342 1173 469 1237 debetur,
488 1175 564 1242 quod
583 1175 642 1229 sine
662 1174 707 1229 die
727 1091 887 1230 debetiii.L
906 1097 946 1154 50,
968 1099 1008 1146 H·

220 1259 288 1313 Dies
306 1259 434 1314 adiectus
454 1259 547 1324 efficit,
565 1277 600 1314 ne
618 1260 762 1330 praesenti
780 1260 825 1314 die
845 1260 989 1316 debeatur.

220 1343 288 1399 Dies
306 1362 364 1398 non
382 1349 538 1400 remoratur
556 1345 767 1415 obligationem.

220 1429 287 1484 Dies
308 1429 349 1500 [in
366 1431 455 1501 mora]
474 1431 638 1500 interpellat
654 1448 706 1500 pro
724 1431 848 1486 homine.

220 1515 288 1570 Dies
320 1520 438 1586 coeptus
464 1534 515 1586 pro
544 1518 685 1586 completo
712 1517 840 1572 habetur.
875 1515 912 1584 os.
938 1513 1043 1570 Puctta
1135 1494 1139 1509 ¹

823 1601 850 1654 Ρ
865 1621 881 1655 n
902 1645 907 1657 ,
999 1645 1005 1657 .

219 1686 396 1741 Novissimus
418 1691 495 1742 totus
519 1688 581 1742 dies
604 1689 762 1758 completus
790 1604 1043 1756 esseagebieti50s.

702 1772 805 1828 Recito
822 1773 907 1827 Pond.
927 1775 943 1842 ξ
964 1781 1004 1829 to.

220 1877 328 1932 Cedere
347 1877 423 1931 diem
441 1878 582 1948 signifieat
599 1877 724 1947 incipere
744 1877 842 1931 deberi
860 1876 1020 1946 pecuniam,

354 1963 520 2017 Unmnnns:
539 1961 555 2017 l.
575 1969 624 2019 213
637 1980 684 2032 pr.
703 1963 736 2016 D.
755 1965 788 2016 de
811 1961 838 2016 V.
858 1959 886 2015 S.
906 1969 946 2025 50,
967 1971 1006 2017 16.

87 2123 89 2128 ,
219 2065 324 2120 Venire
343 2066 419 2121 diem
437 2067 578 2138 signifieat
595 2065 716 2120 eundem
734 2064 859 2128 venisse,
882 2083 937 2133 quo
955 2082 1041 2135 pecu-

164 2153 215 2206 nia
241 2153 301 2222 peti
328 2157 433 2222 posset.
468 2153 634 2206 morinos:
662 2154 679 2204 1.
707 2157 755 2206 213
775 2167 821 2220 pr.
845 2151 878 2204 D.
901 2154 933 2204 de
961 2151 989 2204 V.
1011 2147 1041 2204 S.

903 2245 945 2299 so,
966 2243 1005 2290 io.

116 2369 119 2374 .
218 2322 275 2378 Ubi
284 2339 353 2392 pure
364 2323 426 2391 quis
438 2322 587 2392 stipulatus
597 2322 691 2386 fuerit,
705 2326 734 2378 et
744 2321 830 2376 cessit
839 2325 868 2376 et
880 2321 958 2376 venit
970 2321 1042 2376 dies,

354 2407 520 2462 ULPIANUS:
539 2405 555 2462 l.
576 2414 624 2462 213
638 2425 684 2476 pr.
704 2409 737 2461 D.
756 2409 788 2462 de
811 2407 839 2460 V.
858 2403 886 2460 S.
906 2415 946 2470 50,
967 2415 1008 2495 Ι16.

501 2621 706 2676 Difficultas.

219 2765 376 2821 Difficultas
395 2784 453 2820 non
470 2766 553 2820 vitiat
570 2769 673 2820 aetum.

219 2851 296 2916 Quae
316 2851 442 2906 difficilia
459 2855 532 2914 sunt,
550 2869 608 2904 non
626 2851 722 2906 statim
740 2855 806 2906 sunt
824 2851 974 2906 deteriora.

218 2937 323 3006 Magna
341 2937 492 2992 difficultas
510 2935 733 3005 impossibilitati
751 2937 957 3006 aequiparatur.
