2666 3560
588 331 649 394 125

179 507 248 562 Bes
271 506 378 562 divini
398 506 485 562 iuris
509 501 670 581 [sanctam
694 519 823 572 seoroe,
845 502 1049 582 religiosaeJ.

235 617 317 682 Quod
329 617 417 670 divini
427 616 494 671 iuris
509 620 559 680 est,
577 616 607 670 id
619 617 722 671 nullius
732 616 761 670 in
771 617 853 671 bonis
866 620 918 671 est.
942 616 1051 670 Gerus:

575 705 593 757 l.
614 713 625 757 l
644 719 689 771 pr.
708 704 741 756 D.
759 705 792 756 de
809 705 859 758 div.
877 720 932 757 rer.
953 711 975 766 1,
994 711 1018 758 8.
1062 693 1063 696 ¹

235 788 371 842 Sanctum
395 792 450 851 est,
473 788 549 856 quod
567 788 603 842 ab
621 788 723 842 iniuria
741 788 887 842 hominum
906 789 1053 844 defensum

180 877 270 942 atque
297 874 436 928 munitum
463 878 514 928 est.
548 875 737 928 Mucianus:
764 876 781 927 l.
801 881 816 928 8
834 891 880 943 pr.
899 876 931 928 1).
950 878 983 929 de
1001 879 1051 932 div.

876 978 931 1017 rer.
956 971 977 1024 l,
996 969 1019 1016 8.

236 1044 292 1099 Res
316 1061 397 1099 sacre
418 1062 476 1100 non
496 1045 599 1114 recipit
617 1045 852 1100 aestimationem.
888 1047 1054 1101 Uenacus:

566 1133 583 1184 Ι.
602 1138 616 1186 9
637 1133 653 1202 5
673 1141 687 1186 5
706 1133 740 1186 Ι).
759 1135 859 1187 dedic.
878 1150 933 1188 rer.
954 1141 977 1196 1,
997 1140 1020 1188 8.
1074 1124 1075 1128 ¹

480 1293 547 1348 Res
570 1292 766 1362 fungibiles.

238 1401 295 1456 Res
313 1403 464 1472 fungibiles
478 1407 551 1466 sunt,
570 1420 641 1471 quae
653 1404 779 1474 pondere
791 1422 907 1460 numero
920 1422 1056 1461 mensura

183 1489 355 1543 consistunt.
374 1489 388 1522 *
404 1505 448 1556 pr.
466 1489 491 1542 J.
509 1491 575 1556 quit.
594 1493 659 1544 mod.
678 1508 708 1544 re
727 1498 750 1550 3,
771 1498 810 1546 15.

239 1573 295 1627 Res
313 1574 465 1644 fungibiles
483 1575 513 1627 in
531 1591 635 1644 genere
653 1593 704 1630 suo
721 1577 898 1631 functionem
915 1577 1058 1646 recipiunt

185 1659 428 1730 persolutionem
446 1661 537 1730 magis
556 1679 642 1728 quarn
662 1665 764 1731 specie.
795 1663 927 1715 PAULUS:
947 1666 963 1716 l.
984 1664 1057 1732 2§l

676 1750 708 1802 D.
727 1752 760 1801 de
778 1750 832 1803 reb.
850 1751 923 1803 cred.
943 1757 982 1811 12,
1003 1759 1024 1804 l.

241 1831 298 1886 Res
309 1832 436 1887 succedit
445 1833 475 1888 in
486 1833 581 1888 locum
592 1833 676 1902 pretii
688 1838 717 1887 et
728 1835 851 1903 pretium
863 1834 893 1887 in
904 1835 998 1889 locum
1010 1835 1059 1890 rei.

394 2012 461 2068 Res
478 2012 632 2079 mobiles,
653 2013 855 2070 immobiles.

242 2137 296 2192 Res
315 2139 433 2194 mobiles
452 2143 524 2202 sunt,
544 2158 616 2209 quae
636 2141 730 2196 salvae
750 2146 777 2196 et
794 2143 923 2212 integrae
943 2160 976 2198 ex
994 2144 1057 2198 loco

187 2223 221 2277 in
238 2224 333 2278 locum
350 2225 457 2279 moveri
473 2230 600 2294 possunt.

242 2309 421 2364 Possesscres
438 2310 625 2366 immobilium
642 2329 734 2366 rerum
753 2313 890 2368 satisdare
908 2331 967 2368 non
985 2331 1058 2369 com-

188 2395 342 2464 pelluntur.
369 2394 489 2450 Manna:
508 2399 525 2450 l.
547 2405 577 2452 15
591 2413 638 2465 pr.
657 2400 690 2452 D.
708 2402 754 2466 qui
769 2402 903 2453 satisdare
920 2416 975 2468 σος.
994 2408 1017 2463 2,
1036 2407 1059 2454 8.

509 2576 576 2632 Res
598 2577 739 2632 nullius.

243 2701 326 2767 Quod
342 2703 445 2757 nullius
465 2707 515 2768 est,
534 2704 564 2757 id
576 2705 699 2758 natureli
709 2705 817 2759 ratione
831 2705 983 2775 occupanti
996 2722 1059 2760 con·

190 2788 309 2842 ceditur.
346 2787 452 2842 Gnms:
470 2792 487 2842 l.
507 2797 521 2843 3
538 2806 582 2856 pr.
601 2791 634 2843 Ι).
655 2792 687 2842 de
706 2806 778 2857 aequ.
797 2793 863 2844 done
880 2800 922 2853 41,
943 2801 965 2845 1.

244 2873 325 2938 Quod
350 2875 452 2929 nuliius
480 2892 541 2929 esse
569 2879 676 2944 potest,
706 2875 736 2928 id
766 2879 797 2930 ut
827 2875 945 2931 alicuius
971 2877 1059 2939 fieret,

190 2960 269 3014 nulla
291 2960 427 3030 obligatio
451 2962 527 3016 valet
550 2962 670 3017 efficere.
705 2961 839 3014 Pennus:
869 2965 885 3017 l.
909 2969 957 3018 182
975 2964 1009 3016 Ι).
1027 2966 1060 3016 de

463 3061 464 3064 ¹
787 3101 795 3113 ,
828 3049 862 3103 R.
880 3049 906 3106 J.
925 3055 965 3111 oo,
987 3056 1026 3102 17.
