2666 3560
586 301 647 365 119

230 466 381 536 Scriptura
397 465 509 537 privata
526 485 577 538 pro
596 467 737 524 scribente
755 468 827 524 nihil
844 469 954 539 probat

228 553 290 608 {Res
307 553 436 624 privatae
456 557 529 617 sunt
547 570 620 623 quae
643 555 816 625 singulorum
834 558 907 610 suut
944 555 1052 610 (ie-1118:

575 642 592 693 l.
613 641 856 708 lpr.1).dcdto.
875 657 930 696 rer.
950 649 972 704 1,
992 648 1016 697 8.

505 784 737 854 Priviloginm.

232 895 387 966 Privilegia
397 911 455 949 non
465 911 499 949 ex
508 897 637 965 tempore
647 895 839 959 aestimantur,
853 897 904 952 sed
913 913 946 952 ex
957 913 1053 952 causa

422 981 555 1034 Pennus:
574 985 590 1036 l.
609 990 642 1038 32
660 983 693 1036 1).
712 986 745 1036 de
762 980 841 1037 rebus
858 999 875 1036 a
885 987 911 1051 j.
929 989 971 1046 42,
990 991 1014 1037 5.

233 1066 386 1138 Privilegia
403 1071 470 1124 sunt
487 1068 683 1124 strictissimae
701 1069 952 1139 interpretationis.

233 1154 430 1209 immunitates
458 1155 630 1224 generaliter
655 1154 779 1209 tributae
802 1172 836 1210 eo
859 1154 932 1218 iure,
960 1158 993 1209 ut
1017 1154 1053 1208 ad

172 1243 312 1312 posteros
325 1239 592 1304 transmitterentur,
610 1239 639 1294 in
650 1243 821 1310 perpetuum
832 1239 1051 1295 succedentibus

173 1327 293 1382 durant
328 1327 535 1382 Mounsrmus:
553 1327 570 1380 1.
589 1333 605 1379 4
623 1326 657 1380 1).
675 1328 785 1392 dejure
802 1327 905 1378 immun.
925 1332 965 1389 50,
985 1334 1008 1382 6.

233 1412 366 1468 Personis
389 1412 474 1466 datae
495 1410 688 1466 immunitates
711 1409 862 1465 heredibus
889 1427 948 1466 non
968 1411 1052 1466 relin-

173 1501 314 1568 quuntur.
344 1497 507 1552 ULPIANUS:
534 1499 551 1550 1.
571 1506 584 1553 1
604 1497 621 1565 ἕ
641 1504 652 1550 1
673 1496 707 1549 Ι).
725 1499 758 1549 de
767 1499 835 1562 jure
853 1498 955 1549 immun.
974 1501 1015 1559 50,
1028 1503 1052 1552 6.

234 1583 316 1650 Quod
339 1584 422 1637 datur
443 1581 570 1652 personis
594 1581 807 1652 [privilegium]‚
836 1599 900 1636 cum
922 1581 1052 1651 personis

172 1670 329 1725 amittitur.
359 1668 523 1742 Unmnus:
543 1670 559 1721 l.
580 1675 593 1722 1
614 1669 630 1736 fi
649 1674 682 1721 43
700 1668 734 1721 D.
751 1670 784 1721 dc
802 1683 871 1734 aqua
888 1673 937 1722 cot.
956 1675 998 1731 43,
1011 1675 1053 1723 20.

233 1753 417 1810 Necessitatis
435 1757 562 1824 tempore
581 1753 667 1808 silent
683 1751 841 1823 privilegia.

233 1839 416 1909 Privilegium
442 1842 566 1894 meretur
592 1837 733 1907 amittere,
760 1838 809 1908 qui
834 1837 974 1908 permissa
998 1837 1053 1893 sibi

174 1926 310 1981 anutitnr
326 1928 481 1995 potestate.

234 2010 435 2081 Privilegiatus
467 2012 602 2066 adversus
632 2027 723 2080 aeque
752 2008 963 2080 privilegiatum
992 2011 1052 2068 iure

175 2114 233 2152 suo
252 2114 310 2151 non
328 2097 423 2151 utitur.

235 2182 338 2238 Omnes
351 2181 496 2236 licentiam
507 2181 616 2236 habeut
626 2179 679 2244 his,
696 2197 768 2249 quae
780 2196 833 2251 pro
847 2197 877 2236 se
888 2179 1053 2238 introducta

177 2271 256 2331 sunt,
275 2267 448 2322 renunciare.
486 2268 515 2322 L.
535 2273 567 2322 29
590 2268 616 2323 0.
633 2269 667 2320 dc
678 2269 769 2335 pectis
788 2273 811 2329 2,
831 2273 854 2320 3.

233 2352 391 2420 Unicuique
410 2351 478 2407 licet
495 2355 673 2407 contemnere
691 2351 775 2415 haec,
799 2367 871 2420 quae
889 2369 942 2421 pro
961 2369 992 2407 se
1009 2353 1051 2407 in·

180 2439 315 2494 trodnota
333 2439 406 2492 sunt.
442 2437 599 2492 IULIANUS:
619 2439 635 2490 l.
653 2445 685 2491 41
705 2437 739 2490 Ι).
757 2439 790 2490 de
807 2439 900 2512 miror.
918 2446 943 2500 4,
962 2446 986 2492 4.

233 2522 392 2593 Unicuique
409 2521 552 2592 integrum
570 2525 614 2578 est
630 2522 682 2585 his,
702 2539 773 2590 quae
791 2521 847 2592 ipsi
865 2522 964 2592 alege
983 2523 1051 2578 data

177 2612 212 2666 et
231 2624 366 2664 concessa
383 2611 450 2662 sunt
465 2607 640 2662 renunciare.
677 2608 739 2670 lton.
760 2614 808 2663 136
827 2623 849 2662 c.
870 2615 892 2662 1.

528 2735 699 2791 Probatio.

234 2845 419 2900 Irrelevantia
438 2846 474 2900 ad
490 2845 688 2916 probationem
705 2862 763 2900 non
781 2845 978 2901 admittuntur.

233 2929 382 2986 Noton’nm
398 2948 456 2985 non
474 2934 540 3000 eget
557 2929 732 3001 probatione.

233 3015 387 3071 Manifesta
404 3016 481 3072 hand
498 3016 627 3086 indigent
643 3016 819 3086 probatione.
845 3035 847 3042 ¹
