2698 3558
691 334 731 398 66

275 504 392 570 petuam
410 502 471 570 peti
489 519 546 556 non
563 503 686 571 poterat.
720 501 886 555 Uumuus:
904 499 921 555 l.
940 507 973 556 26
992 501 1010 569 ξ
1029 499 1097 553 31).
1117 500 1153 552 de

831 590 905 642 cond.
923 583 1009 640 indeb.
1030 592 1070 648 12,
1089 592 1113 639 6.

328 673 410 739 Quod
427 673 586 728 indebitum
609 690 661 742 per
683 691 806 728 errorem
828 673 959 736 solvitur,
982 675 1033 726 aut
1053 671 1151 740 ipsum

277 763 328 813 aut
345 759 512 813 tantundem
530 759 676 829 repetitur.
702 759 887 812 POMPONIUS:
907 761 923 812 1.
944 767 957 811 7
977 758 1011 811 D.
1030 759 1063 810 de
1075 757 1153 809 cond.

742 847 743 850 ’
926 845 1010 897 iudet.
1031 847 1070 905 12,
1090 848 1114 895 6.

329 929 401 983 Cum
420 929 482 997 quis
500 929 544 984 ius
562 930 695 999 ignorans
714 931 870 986 indebitam
887 928 1042 1000 pecuniam
1060 926 1153 980 solve·

276 1013 322 1076 rit,
342 1019 436 1070 cessat
453 1015 594 1084 repetitiu
630 1017 660 1071 L.
681 1025 712 1071 10
734 1018 759 1070 C.
778 1020 811 1070 de
821 1021 846 1082 j.
865 1022 892 1070 ct
905 1015 931 1082 f.
950 1017 1002 1082 iun.
1023 1022 1045 1076 l,
1066 1018 1107 1066 18.

647 1177 776 1234 Infans.

330 1285 428 1340 Infans
447 1288 476 1340 et
493 1287 542 1354 qui
559 1285 696 1341 infantiae
714 1288 858 1357 proximus
878 1289 933 1349 est,
952 1303 1010 1340 non
1027 1283 1153 1337 multum

279 1387 296 1424 u
308 1370 415 1425 furioso
428 1371 542 1435 distant,
555 1372 623 1441 quia
634 1373 797 1427 huiusmodi
809 1372 911 1427 aetatis
924 1370 1028 1441 pupilli
1040 1368 1153 1422 nullum

277 1455 386 1510 hubent
402 1457 587 1511 intellectum.
625 1459 642 1527 ἐ
662 1467 692 1513 10
711 1460 736 1516 J.
755 1462 787 1511 de
805 1460 868 1511 ἱππί.
887 1455 975 1525 stipul.
995 1465 1019 1520 3,
1039 1463 1081 1509 20.

329 1541 427 1596 Nullus
447 1559 543 1596 sensus
563 1546 608 1596 est
624 1543 740 1598 infantis
759 1541 1156 1613 accipiendipossessionem.

439 1629 571 1681 Puuuus:
590 1631 607 1683 l.
626 1637 658 1683 32
677 1632 694 1698 5
712 1638 727 1685 2
747 1631 780 1682 Ι).
799 1633 831 1682 de
849 1644 923 1696 aequ.
936 1644 1012 1696 poss.
1031 1634 1073 1689 41,
1093 1632 1118 1678 2.

330 1713 364 1766 In
380 1713 506 1784 parvulis
519 1715 598 1769 nulla
611 1714 832 1790 deprehenditur
844 1715 935 1784 culpa.
958 1713 1156 1766 MAROIANUS:

644 1799 660 1854 ί.
680 1809 711 1856 55
731 1802 748 1870 g
769 1810 781 1855 1
802 1802 835 1854 Ι).
854 1803 887 1853 de
901 1801 948 1868 fid.
967 1795 1010 1852 lib.
1030 1805 1073 1861 40,
1093 1803 1118 1852 5.

329 1884 447 1938 Praetor
469 1886 595 1953 parvulis
619 1886 758 1941 subvenit.
793 1886 985 1941 MARGIANUS:
1012 1881 1030 1937 l.
1049 1890 1082 1937 55
1102 1883 1119 1950 ξ
1142 1889 1154 1935 l

801 1972 833 2024 D.
853 1973 886 2024 de
901 1973 949 2040 fid.
968 1967 1011 2023 lib.
1030 1975 1073 2032 40,
1093 1974 1119 2020 5.

626 2132 800 2187 Infitiutio.

331 2238 450 2294 Infitiari
469 2243 512 2294 est
530 2241 668 2295 creditum
685 2241 823 2296 fraudare.
858 2242 984 2295 FESTUS.

331 2323 484 2378 Infitiundo
506 2325 666 2394 depositum
684 2343 766 2381 nemo
784 2327 854 2381 fucit
871 2328 985 2381 furtum.
1022 2325 1159 2379 GELSUS:

678 2409 695 2466 l.
715 2419 745 2466 61
760 2428 807 2479 pr.
826 2413 859 2464 Ι).
878 2415 911 2465 de
925 2414 1012 2480 furtis
1030 2419 1074 2474 47,
1095 2417 1120 2463 3.

331 2498 466 2552 Infitiatio
484 2516 542 2552 non
561 2500 604 2570 est
620 2498 734 2551 furtum.

330 2583 377 2638 Lis
394 2583 542 2637 infitiando
562 2582 664 2636 urescit
680 2582 711 2635 iu
728 2581 852 2650 duplum.

599 2758 824 2827 Ingratitudo.

331 2871 464 2940 Ingratus
484 2887 517 2924 ex
536 2870 596 2923 solo
616 2871 720 2923 conatu
737 2885 820 2923 nemo
839 2869 990 2926 iudicatur.

382 2955 529 3024 Ingratum
546 2954 654 3008 faciunt
672 2957 752 3006 atrox
769 2953 880 3019 iniun'a‚
899 2955 1044 3020 damnum,

382 3039 474 3108 Impia
492 3041 597 3102 dextra,
615 3039 683 3092 fides
701 3039 800 3103 fructu,
818 3041 926 3108 pericla
943 3041 1031 3096 necis,

458 3145 471 3186 f

1342 2469 1343 2560 t

1335 2591 1342 2723 t
