2634 3556
589 294 630 356 41

228 460 284 527 Qui
300 460 380 514 iussu
398 459 500 514 iudicis
522 458 630 527 aliquid
650 458 731 522 feeit,
759 475 816 512 non
842 458 955 513 videtur
980 459 1048 514 dolo

131 547 132 552 ’
175 546 377 609 malefacere,
400 543 468 613 qnia
488 560 587 615 parere
605 560 724 599 neeesse
742 544 836 598 habet.
871 543 1006 597 Pronus:
1029 546 1048 598 l,

572 630 1012 698 rmfflaaaumm

226 716 310 783 Quod
328 716 390 785 quis
409 714 542 770 mandato
559 715 629 769 faoit
648 714 763 779 iudicis,
786 716 852 770 dolo
873 715 968 770 faeere
989 732 1047 770 non

174 801 295 866 videtur,
314 819 379 856 eum
395 801 501 855 habeat
517 816 616 869 parere
634 816 761 855 neeesse.
788 817 811 855 c.
829 808 863 856 24
880 804 912 856 de
930 802 1001 856 aJ.
1020 803 1048 854 in

867 892 952 951 etos,
972 894 1012 943 12.

225 971 326 1026 Nullus
345 971 457 1026 videtur
476 972 541 1027 dolo
559 972 662 1036 fecere,
681 972 729 1040 qui
748 989 798 1027 suo
817 972 877 1028 iure
894 974 991 1028 utitur.

499 1057 607 1119 GAIUS:
624 1055 641 1111 l.
660 1065 693 1114 55
712 1059 746 1112 D.
764 1061 797 1112 de
815 1059 849 1112 R.
866 1060 891 1112 J.
911 1067 952 1122 50,
972 1066 1012 1113 17.

228 1141 317 1196 Dolus
335 1159 393 1196 non
410 1143 607 1213 praesumitur.

226 1228 343 1282 Alienus
363 1228 444 1282 dolus
462 1219 666 1283 nooere⁸alteri
683 1245 741 1282 non
755 1228 847 1283 debet.
878 1229 1045 1286 Nummus:

397 1311 413 1367 l.
434 1322 463 1369 11
479 1330 526 1382 pr.
544 1314 579 1367 -D.
598 1316 630 1367 de
651 1311 705 1367 doli
721 1315 785 1367 mali
801 1320 905 1382 except.
925 1323 967 1378 44,
985 1323 1010 1370 4.

227 1397 316 1452 Dolus
336 1415 448 1468 semper
464 1402 632 1468 praestatur.

225 1483 340 1538 Nemini
362 1484 443 1538 dolus
465 1501 517 1554 per
538 1485 717 1539 occasionem
739 1483 807 1537 iuris
831 1483 921 1539 civilis
948 1489 1048 1541 eontra

171 1569 331 1624 naturalem
350 1570 523 1638 aequitatem
539 1570 676 1640 prodesse
696 1569 790 1624 debet.

224 1653 338 1708 Nemini
356 1654 437 1708 dolus
456 1673 522 1709 suus
540 1655 677 1724 prodesse
696 1655 789 1710 debet.

225 1738 315 1794 Dolus
336 1740 497 1795 omnimodo
515 1741 638 1810 punitur.
667 1741 835 1794 Nummus:
853 1738 871 1794 l.
891 1749 920 1794 11
941 1741 957 1809 θ
978 1739 1046 1793 11).

601 1829 634 1879 de
651 1824 707 1880 doli
722 1829 786 1879 mali
802 1831 905 1893 except.
924 1834 966 1889 44,
985 1833 1009 1880 4.

226 1908 345 1978 Semper
363 1911 410 1977 qui
429 1910 496 1965 dolo
513 1910 594 1974 fecit,
619 1911 769 1980 quominus
786 1911 917 1975 haberet,
939 1927 990 1979 pro
1010 1926 1045 1966 eo

159 1987 307 2058 'hebetum
331 2011 365 2048 ao
389 1994 412 2048 si
430 1995 556 2051 haberet.
591 1996 758 2051 umnam:
785 1997 803 2049 l.
822 2003 869 2051 157
890 1997 907 2064 ἕ
928 2005 939 2050 1
960 1995 994 2049 1).
1013 1997 1046 2048 de

810 2083 844 2134 B.
862 2082 888 2134 J.
907 2087 949 2145 50,
967 2088 1009 2136 H.

226 2162 314 2217 Dolus
332 2181 384 2234 pro
402 2164 585 2234 possessione
604 2169 655 2220 est.

225 2247 290 2302 Nou
301 2252 398 2317 potest
410 2250 475 2314 dolo
489 2266 592 2314 carere,
606 2251 654 2319 qui
665 2249 784 2320 imperio
796 2250 977 2320 magistratus
986 2267 1044 2306 non

175 2332 278 2403 paruit.
314 2333 498 2392 uvomrus:
517 2332 533 2390 l.
553 2343 601 2390 199
621 2338 654 2389 D.
672 2339 705 2390 de
723 2337 757 2390 R.
774 2337 800 2390 J.
819 2342 859 2400 50,
880 2345 919 2392 17.

226 2417 377 2488 Nunquam
398 2420 560 2475 volentibus
584 2421 665 2475 dolus
688 2420 813 2476 inferum
850 2423 879 2475 b.
902 2429 936 2476 34
963 2423 989 2476 C.
1012 2425 1045 2476 de

836 2510 925 2574 poetis
943 2514 966 2572 2,
985 2514 1009 2561 3.

495 2682 726 2739 Domioilium.

224 2825 407 2881 Domioilium
430 2831 486 2892 est,
509 2827 559 2882 ubi
580 2827 643 2897 quis
667 2828 746 2898 degit
762 2845 912 2898 rerumque
931 2846 1043 2884 suarum

173 2928 313 2965 summam
331 2911 479 2967 constituit
496 2929 529 2968 eo
549 2913 676 2978 oonsilio,
694 2918 726 2969 ut
741 2913 783 2969 ibi
799 2918 920 2970 moneat.
944 2916 959 2942 ⁴*
981 2916 1007 2968 L.
1027 2923 1041 2969 7

702 3001 728 3053 O.
746 3003 779 3054 de
796 2997 894 3054 incolis,
907 3007 947 3065 10,
967 3008 1007 3056 39.
