2666 3560
580 291 619 354 95

485 463 711 536 negligentia.

147 574 150 578 ’
216 578 399 649 Negligentia
415 595 473 632 non
490 577 686 648 praesumitur.

215 665 309 719 Nimia
326 663 502 734 negligentia
520 667 638 718 estnon
654 661 823 730 intelligere,
842 659 919 728 quod
935 676 1033 713 omnes

161 752 335 822 intelligunt.
355 750 369 779 *
387 751 553 804 Unrnros:
572 751 588 802 ι.
608 756 657 802 213
677 749 693 816 g
713 754 727 800 2
747 747 780 799 1).
793 749 826 799 de
843 745 870 799 V.
884 741 912 799 S.
932 753 972 807 oo,
994 753 1032 799 re.

215 837 321 907 Magna
346 835 523 906 negligentia
550 836 634 905 eulpa
656 837 706 888 est
742 833 875 888 Pronus:
894 835 912 887 l.
931 838 979 886 226
999 831 1032 882 Ι).

748 918 998 982 QKSQffi

215 1009 348 1078 Magnam
370 1007 575 1078 negligentiam
596 1006 706 1076 placuit
727 1005 834 1060 indoli
853 1006 968 1061 erimine
988 1023 1032 1060 oa·

163 1095 240 1149 dere.
277 1094 383 1149 linus:
405 1097 423 1148 l.
443 1102 456 1149 1
477 1095 493 1162 fi
513 1101 528 1148 5
547 1095 580 1147 D.
599 1095 631 1147 de
654 1093 682 1146 0.
700 1098 727 1145 et
744 1095 777 1146 A.
795 1100 836 1156 44,
857 1100 879 1146 7.

214 1179 360 1234 Dissoluta
378 1179 453 1236 enim
470 1178 646 1250 negligentia
662 1193 751 1248 prope
771 1177 868 1231 dolum
880 1181 931 1232 ost.

396 1266 562 1320 Uomano:
581 1268 598 1319 l.
618 1272 648 1320 29
662 1279 709 1331 pr.
728 1263 761 1320 D.
780 1266 899 1317 mundati
916 1274 955 1329 17,
976 1275 998 1320 1.

431 1444 625 1514 Negotium.
656 1447 773 1536 Aptae.

215 1555 283 1609 Plus
311 1559 406 1611 actum
432 1573 518 1624 quam
546 1555 683 1625 seriptum
709 1557 793 1611 valet.
830 1557 859 1610 L.
882 1565 899 1609 4
925 1557 950 1610 C.
969 1558 1034 1622 plus

803 1645 893 1695 valere
913 1650 937 1705 4,
958 1649 998 1696 22.

217 1727 305 1780 Actus
323 1727 399 1782 ultra
415 1726 601 1782 intentionem
619 1727 765 1796 agentium
783 1726 854 1782 nihil
872 1730 1012 1796 operatur.

216 1812 249 1866 ln
271 1815 364 1867 totum
387 1811 493 1876 omnia,
517 1829 590 1881 quae
609 1812 695 1866 animi
713 1813 904 1867 destinatione
924 1813 1036 1881 agenda

165 1902 240 1962 sunt,
258 1898 372 1952 nonnisi
390 1915 456 1953 vera
475 1902 505 1953 et
523 1901 602 1954 oei-ta
620 1898 740 1954 seientia
757 1898 855 1968 perfici
872 1901 1000 1967 possunt.

395 1984 593 2037 Parmmnoe:
613 1987 629 2037 l.
650 1985 732 2040 161).
752 1985 879 2041 dem
899 1992 940 2046 ao,
961 1991 1000 2038 17.

216 2071 327 2124 Mutare
351 2069 499 2124 consilium
522 2069 584 2139 quis
607 2087 665 2124 non
685 2072 784 2140 potest
804 2069 835 2123 in
854 2069 970 2124 alteriue
989 2069 1035 2122 de·

163 2156 339 2210 trimentum.
376 2172 397 2210 r.
416 2163 448 2210 83
467 2159 499 2210 de
517 2158 550 2209 R.
569 2157 594 2209 J.
614 2159 640 2209 io
659 2163 702 2211 6to
719 2165 744 2220 t,
765 2163 805 2210 12.

218 2241 299 2307 Quod
317 2242 404 2296 semel
422 2241 539 2311 placuit,
559 2240 680 2311 amplius
699 2240 848 2310 displicere
861 2258 918 2296 non
929 2235 1035 2310 potest.

574 2343 595 2381 c.
614 2335 645 2381 21
665 2330 697 2380 de
715 2329 749 2382 R.
766 2327 791 2380 J.
810 2329 837 2379 in
856 2332 898 2381 620
916 2333 940 2390 5,
961 2333 1000 2380 12.

216 2411 375 2468 Dilfioultas
394 2430 451 2466 non
468 2412 552 2467 vitiat
573 2417 676 2467 aetum.

215 2499 305 2552 Actus
325 2497 428 2552 omissa
445 2499 536 2552 forma
554 2499 626 2568 legis
645 2498 757 2554 corruit.

216 2584 305 2638 Actus
323 2582 464 2638 iudicialis
482 2584 628 2653 potentior
646 2587 690 2640 est
708 2583 922 2638 extraiudioiali.

216 2668 297 2723 Idem
315 2673 359 2723 eet
377 2669 545 2724 nonfacere
564 2673 594 2725 et
611 2687 668 2724 non
685 2670 812 2740 legitime
830 2671 932 2725 faeere.

217 2753 299 2819 Quod
316 2772 373 2809 non
390 2755 444 2808 rite
462 2755 571 2810 factum
589 2760 639 2819 est,
658 2773 709 2826 pro
728 2756 834 2811 infecto
853 2757 983 2810 habetur.

216 2840 294 2906 Quae
312 2841 376 2910 lege
393 2840 454 2894 fieri
471 2841 670 2912 prohibentur,
694 2839 719 2894 ei
741 2841 845 2896 fuerint
866 2842 955 2904 faeta,
978 2859 1036 2895 non

164 2927 255 2981 solum
273 2925 394 2990 inutilia,
413 2926 463 2980 sed
480 2944 532 2996 pro
550 2926 663 2980 inseetis
684 2926 769 2981 etiam
787 2927 934 2982 habentur.
973 2929 1000 2980 L.
1021 2936 1034 2980 5

670 3029 718 3081 pr.
738 3015 763 3066 C.
782 3016 815 3067 de
833 3015 897 3081 lepg.
919 3023 940 3076 1,
962 3022 1001 3066 14.
