2698 3558
697 282 737 344 72

278 448 420 503 iudicium
446 451 596 518 acceptum
622 448 780 502 acoidissei.
814 449 947 502 PAULUS:
974 450 991 502 1.
1015 453 1047 502 23
1065 447 1099 500 D.
1122 449 1157 501 de

916 535 1031 601 judiciis
1048 539 1072 596 5,
1093 541 1117 586 l.

334 619 368 674 In
385 620 498 675 iudiciis
515 637 573 675 non
591 623 635 675 est
656 619 784 689 acceptio
806 636 993 690 personarum
1013 618 1157 672 habenda.

690 707 1118 768 ewwsslmmeffi

334 791 468 846 Generali
485 793 549 861 lege
568 791 744 846 decernimus
762 791 904 846 neminem
922 790 976 845 sibi
999 807 1060 844 esse
1082 787 1155 842 iudi·

283 894 349 933 cem
367 879 415 932 vel
436 878 479 931 ius
503 877 557 931 sibi
580 877 674 932 dicere
697 877 808 932 debere.
845 879 874 930 L.
892 895 935 930 un.
958 877 984 930 0.
1001 893 1035 928 ne
1051 877 1109 941 quis
1128 877 1156 926 in

982 977 1032 1014 sua
1050 969 1074 1023 3,
1094 965 1117 1014 5.

335 1049 423 1102 Iudex
440 1052 508 1103 tune
525 1047 605 1102 litem
618 1065 697 1101 suam
709 1047 803 1102 faeere
814 1047 991 1117 intelligitur,
1010 1064 1075 1101 eum
1088 1046 1156 1099 dolo

287 1135 363 1188 male
381 1134 411 1187 in
428 1133 557 1188 fraudem
575 1133 646 1203 legis
665 1134 835 1188 sententiam
853 1133 961 1188 dixerit.
988 1132 1156 1186 ULP1ANUS:

666 1217 802 1288 l.15§1
824 1221 1076 1286 revererer,
1097 1225 1120 1272 1.

338 1305 392 1359 Pro
410 1304 504 1358 iudice
522 1305 585 1358 iura
601 1308 791 1373 praesumunt.

334 1391 391 1444 Par
406 1390 492 1444 iudex
509 1390 539 1443 in
556 1408 654 1459 parem
671 1407 728 1444 non
744 1391 831 1446 habet
842 1389 1001 1460 imperium.

336 1475 457 1530 Inferior
474 1475 558 1529 iudex
576 1493 634 1530 non
650 1479 747 1545 potest
762 1477 863 1530 iollere
881 1477 975 1544 legem
993 1473 1156 1544 superioris.

336 1560 495 1616 Iurisdictio
514 1565 558 1615 est
576 1562 662 1615 etiam
679 1561 780 1615 iudicis
800 1561 886 1615 dandi
903 1560 1027 1616 lieentia,

579 1646 745 1700 Urerfflrs:
765 1649 782 1701 1.
801 1655 816 1702 3
834 1648 868 1702 D.
887 1648 1032 1714 dejurird.
1052 1653 1076 1709 1,
1097 1653 1120 1698 1.

579 1841 862 1909 Iurirprudentia.

336 1986 559 2056 Iurisprudentia
577 1989 621 2040 est
637 1985 795 2040 divinarum
813 1988 899 2054 atque
914 1985 1101 2039 humanarum
1112 2002 1156 2039 re·

284 2090 347 2125 rum
364 2071 475 2136 notitia,
492 2070 559 2125 iusti
577 2073 661 2139 abque
679 2071 777 2125 iniusti
796 2071 922 2126 seientia.
952 2071 1118 2124 ULPIANUS:
1138 2069 1156 2126 l.

748 2163 780 2212 10
799 2157 816 2224 5
835 2163 850 2208 2
869 2157 901 2210 Ι).
920 2157 1032 2222 dejust.
1054 2166 1076 2219 1,
1098 2165 1119 2210 l.

682 2336 752 2389 Ius.

332 2478 380 2531 Ius
399 2481 443 2532 est
461 2495 505 2532 ars
526 2478 638 2533 boniet
656 2477 747 2548 aequi.
784 2479 911 2533 Census:
933 2477 950 2534 l.
971 2489 984 2534 1
1003 2497 1051 2548 pr.
1070 2481 1104 2534 D.
1123 2484 1157 2535 de

961 2571 1032 2633 suet.
1052 2575 1075 2630 1,
1098 2577 1120 2621 1.

332 2647 423 2702 Omne
444 2647 488 2702 ius
511 2652 560 2702 aut
582 2665 735 2704 consensus
755 2650 825 2705 feeit
846 2655 896 2706 aut
911 2652 1069 2706 neceseiias
1089 2668 1155 2706 eon-

284 2732 377 2788 stituit
394 2735 443 2788 aut
460 2733 583 2789 fimavit
600 2725 783 2804 consuetudo.
810 2737 1019 2790 Monns'rmus:
1037 2735 1055 2790 l.
1072 2745 1106 2792 40
1120 2738 1155 2791 Ι).

915 2825 948 2876 de
966 2825 1031 2891 leqq.
1052 2833 1075 2887 1,
1094 2831 1118 2878 3.

330 2903 483 2958 Hominum
502 2921 589 2958 cause
607 2921 689 2960 omne
706 2905 751 2958 ius
769 2907 953 2961 constitutum
972 2912 1022 2963 est.

432 2989 713 3042 Hernoermmrs:
732 2992 749 3044 l.
763 2997 777 3043 2
790 2992 825 3046 J).
837 2994 869 3046 dr
880 2999 952 3046 statu
963 2995 1030 3048 hom.
1052 3002 1074 3058 1,
1093 2999 1118 3047 5.
