<?xml version="1.0" encoding="UTF-8"?>
<!DOCTYPE html PUBLIC "-//W3C//DTD XHTML 1.0 Transitional//EN"
    "http://www.w3.org/TR/xhtml1/DTD/xhtml1-transitional.dtd">
<html xmlns="http://www.w3.org/1999/xhtml" xml:lang="en" lang="en">
 <head>
  <title>
</title>
<meta http-equiv="Content-Type" content="text/html;charset=utf-8" />
  <meta name='ocr-system' content='tesseract 3.04.00' />
  <meta name='ocr-capabilities' content='ocr_page ocr_carea ocr_par ocr_line ocrx_word'/>
</head>
<body>
  <div class='ocr_page' id='page_1' title='image "./regulaeiuris00fromgoog_0035.png"; bbox 0 0 2698 3558; ppageno 0'>
   <div class='ocr_carea' id='block_1_1' title="bbox 697 320 737 384">
    <p class='ocr_par' dir='ltr' id='par_1_1' title="bbox 697 320 737 384">
     <span class='ocr_line' id='line_1_1' title="bbox 697 320 737 384; baseline 0 0"><span class='ocrx_word' id='word_1_1' title='bbox 697 320 737 384; x_wconf 78' lang='lat'>26</span> 
     </span>
    </p>
   </div>
   <div class='ocr_carea' id='block_1_2' title="bbox 463 495 967 566">
    <p class='ocr_par' dir='ltr' id='par_1_2' title="bbox 463 495 967 566">
     <span class='ocr_line' id='line_1_2' title="bbox 463 495 967 566; baseline 0.002 -15"><span class='ocrx_word' id='word_1_2' title='bbox 463 495 721 562; x_wconf 79' lang='lat' dir='ltr'>consequentia.</span> <span class='ocrx_word' id='word_1_3' title='bbox 751 497 967 566; x_wconf 73' lang='lat' dir='ltr'><strong>Exemplum.</strong></span> 
     </span>
    </p>
   </div>
   <div class='ocr_carea' id='block_1_3' title="bbox 278 639 1153 1138">
    <p class='ocr_par' dir='ltr' id='par_1_3' title="bbox 332 639 1152 712">
     <span class='ocr_line' id='line_1_3' title="bbox 332 639 1152 712; baseline -0.001 -16"><span class='ocrx_word' id='word_1_4' title='bbox 332 639 415 706; x_wconf 83' lang='lat' dir='ltr'>Quod</span> <span class='ocrx_word' id='word_1_5' title='bbox 432 641 531 694; x_wconf 80' lang='lat' dir='ltr'>contra</span> <span class='ocrx_word' id='word_1_6' title='bbox 548 639 688 696; x_wconf 85' lang='lat' dir='ltr'>rationem</span> <span class='ocrx_word' id='word_1_7' title='bbox 705 641 773 696; x_wconf 86' lang='lat' dir='ltr'>iuris</span> <span class='ocrx_word' id='word_1_8' title='bbox 791 645 939 712; x_wconf 89' lang='lat' dir='ltr'>receptum</span> <span class='ocrx_word' id='word_1_9' title='bbox 957 644 1008 704; x_wconf 80' lang='lat' dir='ltr'>est,</span> <span class='ocrx_word' id='word_1_10' title='bbox 1030 658 1088 696; x_wconf 89' lang='lat' dir='ltr'>non</span> <span class='ocrx_word' id='word_1_11' title='bbox 1106 642 1152 696; x_wconf 92' lang='lat' dir='ltr'>est</span> 
     </span>
    </p>

    <p class='ocr_par' dir='ltr' id='par_1_4' title="bbox 279 725 1153 797">
     <span class='ocr_line' id='line_1_4' title="bbox 279 725 1153 797; baseline 0 -17"><span class='ocrx_word' id='word_1_12' title='bbox 279 725 493 797; x_wconf 85' lang='lat' dir='ltr'>producendum</span> <span class='ocrx_word' id='word_1_13' title='bbox 512 726 548 780; x_wconf 84' lang='lat' dir='ltr'>ad</span> <span class='ocrx_word' id='word_1_14' title='bbox 566 727 794 795; x_wconf 76' lang='lat' dir='ltr'>consequentias.</span> <span class='ocrx_word' id='word_1_15' title='bbox 824 728 957 781; x_wconf 73' lang='lat' dir='ltr'>Pronus:</span> <span class='ocrx_word' id='word_1_16' title='bbox 976 730 993 780; x_wconf 89' lang='lat' dir='ltr'>l.</span> <span class='ocrx_word' id='word_1_17' title='bbox 1016 736 1046 782; x_wconf 86' lang='lat'>14</span> <span class='ocrx_word' id='word_1_18' title='bbox 1065 728 1098 781; x_wconf 82' lang='lat' dir='ltr'>D.</span> <span class='ocrx_word' id='word_1_19' title='bbox 1118 728 1153 780; x_wconf 80' lang='lat' dir='ltr'>de</span> 
     </span>
    </p>

    <p class='ocr_par' dir='ltr' id='par_1_5' title="bbox 331 817 1150 980">
     <span class='ocr_line' id='line_1_5' title="bbox 331 817 1150 980; baseline 0.001 -29"><span class='ocrx_word' id='word_1_20' title='bbox 331 898 364 952; x_wconf 92' lang='lat' dir='ltr'>In</span> <span class='ocrx_word' id='word_1_21' title='bbox 380 897 433 961; x_wconf 87' lang='lat' dir='ltr'>his,</span> <span class='ocrx_word' id='word_1_22' title='bbox 452 898 526 967; x_wconf 85' lang='lat' dir='ltr'>qu&#39;ae</span> <span class='ocrx_word' id='word_1_23' title='bbox 543 901 643 980; x_wconf 86' lang='lat' dir='ltr'>contra</span> <span class='ocrx_word' id='word_1_24' title='bbox 659 897 799 954; x_wconf 85' lang='lat' dir='ltr'>rationem</span> <span class='ocrx_word' id='word_1_25' title='bbox 816 898 884 954; x_wconf 87' lang='lat' dir='ltr'>iuris</span> <span class='ocrx_word' id='word_1_26' title='bbox 902 817 1150 960; x_wconf 59' lang='lat' dir='ltr'>coniliiiai&#39;sint,</span> 
     </span>
    </p>

    <p class='ocr_par' dir='ltr' id='par_1_6' title="bbox 278 982 1152 1138">
     <span class='ocr_line' id='line_1_6' title="bbox 278 982 1152 1054; baseline 0.005 -18"><span class='ocrx_word' id='word_1_27' title='bbox 278 1000 338 1038; x_wconf 88' lang='lat' dir='ltr'>non</span> <span class='ocrx_word' id='word_1_28' title='bbox 359 999 509 1054; x_wconf 87' lang='lat' dir='ltr'>possumus</span> <span class='ocrx_word' id='word_1_29' title='bbox 532 983 620 1052; x_wconf 67' lang='lat' dir='ltr'>sequi,</span> <span class='ocrx_word' id='word_1_30' title='bbox 635 983 764 1054; x_wconf 79' lang='lat' dir='ltr'>regulam</span> <span class='ocrx_word' id='word_1_31' title='bbox 784 983 861 1039; x_wconf 87' lang='lat' dir='ltr'>iuris.</span> <span class='ocrx_word' id='word_1_32' title='bbox 897 986 1053 1039; x_wconf 71' lang='lat' dir='ltr'>IULIANUS:</span> <span class='ocrx_word' id='word_1_33' title='bbox 1079 982 1097 1039; x_wconf 85' lang='lat' dir='ltr'>l.</span> <span class='ocrx_word' id='word_1_34' title='bbox 1120 992 1152 1040; x_wconf 79' lang='lat'>15</span> 
     </span>
     <span class='ocr_line' id='line_1_7' title="bbox 862 1067 1115 1138; baseline -0.004 -13"><span class='ocrx_word' id='word_1_35' title='bbox 862 1072 895 1125; x_wconf 87' lang='lat' dir='ltr'>D.</span> <span class='ocrx_word' id='word_1_36' title='bbox 913 1073 947 1125; x_wconf 81' lang='lat' dir='ltr'>de</span> <span class='ocrx_word' id='word_1_37' title='bbox 963 1067 1027 1138; x_wconf 68' lang='lat' dir='ltr'>loce.</span> <span class='ocrx_word' id='word_1_38' title='bbox 1048 1078 1071 1132; x_wconf 90' lang='grc'><strong>1,</strong></span> <span class='ocrx_word' id='word_1_39' title='bbox 1092 1077 1115 1126; x_wconf 78' lang='grc'>3.</span> 
     </span>
    </p>
   </div>
   <div class='ocr_carea' id='block_1_4' title="bbox 278 1154 1152 1738">
    <p class='ocr_par' dir='ltr' id='par_1_7' title="bbox 333 1154 1151 1224">
     <span class='ocr_line' id='line_1_8' title="bbox 333 1154 1151 1224; baseline -0.002 -14"><span class='ocrx_word' id='word_1_40' title='bbox 333 1154 411 1221; x_wconf 81' lang='lat' dir='ltr'>Quae</span> <span class='ocrx_word' id='word_1_41' title='bbox 431 1155 524 1210; x_wconf 84' lang='lat' dir='ltr'>aiore</span> <span class='ocrx_word' id='word_1_42' title='bbox 549 1156 691 1210; x_wconf 86' lang='lat' dir='ltr'>communi</span> <span class='ocrx_word' id='word_1_43' title='bbox 712 1155 884 1220; x_wconf 86' lang='lat' dir='ltr'>exorbitant,</span> <span class='ocrx_word' id='word_1_44' title='bbox 906 1173 1089 1224; x_wconf 88' lang='lat' dir='ltr'>nequaquam</span> <span class='ocrx_word' id='word_1_45' title='bbox 1114 1154 1151 1209; x_wconf 88' lang='lat' dir='ltr'>ad</span> 
     </span>
    </p>

    <p class='ocr_par' dir='ltr' id='par_1_8' title="bbox 279 1240 1152 1389">
     <span class='ocr_line' id='line_1_9' title="bbox 279 1240 1152 1310; baseline 0.002 -14"><span class='ocrx_word' id='word_1_46' title='bbox 279 1241 516 1310; x_wconf 74' lang='lat' dir='ltr'>consequentiam</span> <span class='ocrx_word' id='word_1_47' title='bbox 538 1243 606 1296; x_wconf 88' lang='lat' dir='ltr'>sunt</span> <span class='ocrx_word' id='word_1_48' title='bbox 628 1240 776 1296; x_wconf 83' lang='lat' dir='ltr'>trahenda.</span> <span class='ocrx_word' id='word_1_49' title='bbox 811 1257 833 1295; x_wconf 88' lang='lat' dir='ltr'>c.</span> <span class='ocrx_word' id='word_1_50' title='bbox 856 1249 888 1298; x_wconf 78' lang='lat'>28</span> <span class='ocrx_word' id='word_1_51' title='bbox 911 1243 944 1294; x_wconf 78' lang='lat' dir='ltr'>do</span> <span class='ocrx_word' id='word_1_52' title='bbox 961 1241 1038 1295; x_wconf 84' lang='lat' dir='ltr'><strong><em>R.J.</em></strong></span> <span class='ocrx_word' id='word_1_53' title='bbox 1061 1244 1089 1294; x_wconf 79' lang='lat' dir='ltr'>in</span> <span class='ocrx_word' id='word_1_54' title='bbox 1107 1246 1152 1298; x_wconf 74' lang='lat' dir='ltr'>tto</span> 
     </span>
     <span class='ocr_line' id='line_1_10' title="bbox 1031 1334 1117 1389; baseline 0 -7"><span class='ocrx_word' id='word_1_55' title='bbox 1031 1334 1055 1389; x_wconf 82' lang='lat'>5.</span> <span class='ocrx_word' id='word_1_56' title='bbox 1077 1334 1117 1382; x_wconf 76' lang='lat'>12.</span> 
     </span>
    </p>

    <p class='ocr_par' dir='ltr' id='par_1_9' title="bbox 280 1412 1151 1570">
     <span class='ocr_line' id='line_1_11' title="bbox 333 1412 1151 1484; baseline 0.001 -17"><span class='ocrx_word' id='word_1_57' title='bbox 333 1412 415 1479; x_wconf 82' lang='lat' dir='ltr'>Quod</span> <span class='ocrx_word' id='word_1_58' title='bbox 432 1413 518 1468; x_wconf 86' lang='lat' dir='ltr'>alicui</span> <span class='ocrx_word' id='word_1_59' title='bbox 540 1415 665 1484; x_wconf 79' lang='lat' dir='ltr'>gratiore</span> <span class='ocrx_word' id='word_1_60' title='bbox 689 1412 865 1475; x_wconf 81' lang='lat' dir='ltr'>conceditur,</span> <span class='ocrx_word' id='word_1_61' title='bbox 887 1413 963 1467; x_wconf 86' lang='lat' dir='ltr'>trahi</span> <span class='ocrx_word' id='word_1_62' title='bbox 984 1430 1041 1468; x_wconf 90' lang='lat' dir='ltr'>non</span> <span class='ocrx_word' id='word_1_63' title='bbox 1064 1413 1151 1468; x_wconf 86' lang='lat' dir='ltr'>debet</span> 
     </span>
     <span class='ocr_line' id='line_1_12' title="bbox 280 1499 1098 1570; baseline 0.002 -18"><span class='ocrx_word' id='word_1_64' title='bbox 280 1500 317 1553; x_wconf 92' lang='lat' dir='ltr'>ab</span> <span class='ocrx_word' id='word_1_65' title='bbox 336 1499 398 1552; x_wconf 83' lang='lat' dir='ltr'>aliis</span> <span class='ocrx_word' id='word_1_66' title='bbox 417 1499 446 1554; x_wconf 91' lang='lat' dir='ltr'>in</span> <span class='ocrx_word' id='word_1_67' title='bbox 465 1500 633 1570; x_wconf 85' lang='lat' dir='ltr'>exemplum.</span> <span class='ocrx_word' id='word_1_68' title='bbox 669 1517 691 1554; x_wconf 86' lang='lat' dir='ltr'>c.</span> <span class='ocrx_word' id='word_1_69' title='bbox 710 1499 888 1555; x_wconf 60' lang='lat' dir='ltr'>udam.</span> <span class='ocrx_word' id='word_1_70' title='bbox 907 1501 933 1551; x_wconf 79' lang='lat' dir='ltr'>in</span> <span class='ocrx_word' id='word_1_71' title='bbox 952 1503 1037 1563; x_wconf 73' lang='grc'><strong>6105,</strong></span> <span class='ocrx_word' id='word_1_72' title='bbox 1058 1505 1098 1554; x_wconf 73' lang='lat' dir='ltr'>lt.</span> 
     </span>
    </p>

    <p class='ocr_par' dir='ltr' id='par_1_10' title="bbox 332 1579 1149 1655">
     <span class='ocr_line' id='line_1_13' title="bbox 332 1579 1149 1655; baseline 0 -17"><span class='ocrx_word' id='word_1_73' title='bbox 332 1583 411 1650; x_wconf 80' lang='lat' dir='ltr'>Quae</span> <span class='ocrx_word' id='word_1_74' title='bbox 429 1588 547 1654; x_wconf 89' lang='lat' dir='ltr'>propter</span> <span class='ocrx_word' id='word_1_75' title='bbox 563 1586 767 1640; x_wconf 86' lang='lat' dir='ltr'>necessitatem</span> <span class='ocrx_word' id='word_1_76' title='bbox 783 1588 902 1655; x_wconf 81' lang='lat' dir='ltr'>recepta</span> <span class='ocrx_word' id='word_1_77' title='bbox 924 1587 1003 1647; x_wconf 87' lang='lat' dir='ltr'>sunt,</span> <span class='ocrx_word' id='word_1_78' title='bbox 1026 1602 1084 1639; x_wconf 92' lang='lat' dir='ltr'>non</span> <span class='ocrx_word' id='word_1_79' title='bbox 1102 1579 1149 1638; x_wconf 89' lang='lat' dir='ltr'>de·</span> 
     </span>
    </p>

    <p class='ocr_par' dir='ltr' id='par_1_11' title="bbox 278 1666 1149 1738">
     <span class='ocr_line' id='line_1_14' title="bbox 278 1666 1149 1738; baseline -0.001 -15"><span class='ocrx_word' id='word_1_80' title='bbox 278 1669 350 1724; x_wconf 88' lang='lat' dir='ltr'>bent</span> <span class='ocrx_word' id='word_1_81' title='bbox 366 1669 396 1722; x_wconf 92' lang='lat' dir='ltr'>in</span> <span class='ocrx_word' id='word_1_82' title='bbox 414 1673 612 1738; x_wconf 75' lang='lat' dir='ltr'>argumentum</span> <span class='ocrx_word' id='word_1_83' title='bbox 633 1670 716 1725; x_wconf 86' lang='lat' dir='ltr'>trahi.</span> <span class='ocrx_word' id='word_1_84' title='bbox 751 1671 885 1724; x_wconf 69' lang='lat' dir='ltr'>PAULUS:</span> <span class='ocrx_word' id='word_1_85' title='bbox 907 1666 923 1724; x_wconf 84' lang='lat' dir='ltr'>l.</span> <span class='ocrx_word' id='word_1_86' title='bbox 943 1677 991 1724; x_wconf 77' lang='lat'>162</span> <span class='ocrx_word' id='word_1_87' title='bbox 1011 1670 1045 1723; x_wconf 87' lang='lat' dir='ltr'>D.</span> <span class='ocrx_word' id='word_1_88' title='bbox 1064 1672 1097 1724; x_wconf 79' lang='lat' dir='ltr'>de</span> <span class='ocrx_word' id='word_1_89' title='bbox 1116 1671 1149 1722; x_wconf 89' lang='lat' dir='ltr'>R.</span> 
     </span>
    </p>
   </div>
   <div class='ocr_carea' id='block_1_5' title="bbox 968 1756 1114 1818">
    <p class='ocr_par' dir='ltr' id='par_1_12' title="bbox 968 1756 1114 1818">
     <span class='ocr_line' id='line_1_15' title="bbox 968 1756 1114 1818; baseline -0.007 -9"><span class='ocrx_word' id='word_1_90' title='bbox 968 1756 993 1809; x_wconf 86' lang='lat' dir='ltr'>J.</span> <span class='ocrx_word' id='word_1_91' title='bbox 1013 1761 1054 1818; x_wconf 82' lang='lat'>50,</span> <span class='ocrx_word' id='word_1_92' title='bbox 1076 1763 1114 1810; x_wconf 79' lang='grc'>11.</span> 
     </span>
    </p>
   </div>
   <div class='ocr_carea' id='block_1_6' title="bbox 616 1951 814 2008">
    <p class='ocr_par' dir='ltr' id='par_1_13' title="bbox 616 1951 814 2008">
     <span class='ocr_line' id='line_1_16' title="bbox 616 1951 814 2008; baseline -0.005 0"><span class='ocrx_word' id='word_1_93' title='bbox 616 1951 814 2008; x_wconf 80' lang='lat' dir='ltr'>consillum.</span> 
     </span>
    </p>
   </div>
   <div class='ocr_carea' id='block_1_7' title="bbox 278 2096 1149 2849">
    <p class='ocr_par' dir='ltr' id='par_1_14' title="bbox 278 2096 1149 2849">
     <span class='ocr_line' id='line_1_17' title="bbox 332 2096 1149 2160; baseline -0.001 -9"><span class='ocrx_word' id='word_1_94' title='bbox 332 2096 487 2151; x_wconf 79' lang='lat' dir='ltr'>Consilium</span> <span class='ocrx_word' id='word_1_95' title='bbox 503 2096 637 2152; x_wconf 84' lang='lat' dir='ltr'>habuisse</span> <span class='ocrx_word' id='word_1_96' title='bbox 656 2113 714 2151; x_wconf 93' lang='lat' dir='ltr'>non</span> <span class='ocrx_word' id='word_1_97' title='bbox 730 2100 823 2160; x_wconf 83' lang='lat' dir='ltr'>nocet,</span> <span class='ocrx_word' id='word_1_98' title='bbox 841 2096 896 2150; x_wconf 86' lang='lat' dir='ltr'>nisi</span> <span class='ocrx_word' id='word_1_99' title='bbox 908 2099 938 2150; x_wconf 80' lang='lat' dir='ltr'>et</span> <span class='ocrx_word' id='word_1_100' title='bbox 948 2097 1057 2151; x_wconf 81' lang='lat' dir='ltr'>factum</span> <span class='ocrx_word' id='word_1_101' title='bbox 1070 2112 1149 2151; x_wconf 86' lang='lat' dir='ltr'>secu·</span> 
     </span>
     <span class='ocr_line' id='line_1_18' title="bbox 278 2179 1104 2251; baseline -0.001 -14"><span class='ocrx_word' id='word_1_102' title='bbox 278 2186 341 2238; x_wconf 87' lang='lat' dir='ltr'>tum</span> <span class='ocrx_word' id='word_1_103' title='bbox 358 2181 451 2236; x_wconf 87' lang='lat' dir='ltr'>fuerit.</span> <span class='ocrx_word' id='word_1_104' title='bbox 485 2180 619 2234; x_wconf 67' lang='lat' dir='ltr'>Pronus:</span> <span class='ocrx_word' id='word_1_105' title='bbox 638 2179 654 2235; x_wconf 83' lang='grc' dir='ltr'>ῖ.</span> <span class='ocrx_word' id='word_1_106' title='bbox 673 2189 705 2237; x_wconf 80' lang='lat'>53</span> <span class='ocrx_word' id='word_1_107' title='bbox 724 2183 741 2251; x_wconf 66' lang='lat' dir='ltr'>fi</span> <span class='ocrx_word' id='word_1_108' title='bbox 762 2191 784 2237; x_wconf 90' lang='lat'>1.</span> <span class='ocrx_word' id='word_1_109' title='bbox 804 2184 837 2236; x_wconf 84' lang='grc' dir='ltr'>Ι).</span> <span class='ocrx_word' id='word_1_110' title='bbox 855 2185 888 2235; x_wconf 83' lang='lat' dir='ltr'>de</span> <span class='ocrx_word' id='word_1_111' title='bbox 910 2183 937 2236; x_wconf 91' lang='lat' dir='ltr'>V.</span> <span class='ocrx_word' id='word_1_112' title='bbox 956 2182 983 2236; x_wconf 87' lang='lat' dir='ltr'>S.</span> <span class='ocrx_word' id='word_1_113' title='bbox 1002 2188 1043 2245; x_wconf 79' lang='lat'>50,</span> <span class='ocrx_word' id='word_1_114' title='bbox 1064 2189 1104 2238; x_wconf 85' lang='lat'>16.</span> 
     </span>
     <span class='ocr_line' id='line_1_19' title="bbox 330 2265 1149 2338; baseline -0.002 -16"><span class='ocrx_word' id='word_1_115' title='bbox 330 2267 420 2322; x_wconf 89' lang='lat' dir='ltr'>Nemo</span> <span class='ocrx_word' id='word_1_116' title='bbox 443 2283 477 2322; x_wconf 83' lang='lat' dir='ltr'>ex</span> <span class='ocrx_word' id='word_1_117' title='bbox 499 2267 616 2322; x_wconf 88' lang='lat' dir='ltr'>oonsilio</span> <span class='ocrx_word' id='word_1_118' title='bbox 640 2267 790 2338; x_wconf 84' lang='lat' dir='ltr'>obligatur.</span> <span class='ocrx_word' id='word_1_119' title='bbox 826 2267 932 2322; x_wconf 74' lang='lat' dir='ltr'>anns:</span> <span class='ocrx_word' id='word_1_120' title='bbox 955 2265 971 2320; x_wconf 82' lang='grc'><strong>1.</strong></span> <span class='ocrx_word' id='word_1_121' title='bbox 995 2275 1010 2322; x_wconf 80' lang='lat'><strong>2</strong></span> <span class='ocrx_word' id='word_1_122' title='bbox 1034 2269 1051 2336; x_wconf 63' lang='grc' dir='ltr'><strong>ἕ</strong></span> <span class='ocrx_word' id='word_1_123' title='bbox 1076 2273 1090 2322; x_wconf 80' lang='grc'><strong>6</strong></span> <span class='ocrx_word' id='word_1_124' title='bbox 1114 2268 1149 2321; x_wconf 88' lang='grc' dir='ltr'>Ι).</span> 
     </span>
     <span class='ocr_line' id='line_1_20' title="bbox 539 2355 1114 2426; baseline 0.005 -23"><span class='ocrx_word' id='word_1_125' title='bbox 539 2421 541 2426; x_wconf 28' lang='grc' dir='ltr'>Ι</span> <span class='ocrx_word' id='word_1_126' title='bbox 893 2355 1011 2406; x_wconf 80' lang='lat' dir='ltr'>mundati</span> <span class='ocrx_word' id='word_1_127' title='bbox 1031 2360 1114 2415; x_wconf 79' lang='grc'><strong>11,1.</strong></span> 
     </span>
     <span class='ocr_line' id='line_1_21' title="bbox 332 2437 1037 2507; baseline -0.001 -15"><span class='ocrx_word' id='word_1_128' title='bbox 332 2437 448 2492; x_wconf 84' lang='lat' dir='ltr'>Consilii</span> <span class='ocrx_word' id='word_1_129' title='bbox 465 2455 523 2493; x_wconf 90' lang='lat' dir='ltr'>non</span> <span class='ocrx_word' id='word_1_130' title='bbox 540 2438 715 2494; x_wconf 86' lang='lat' dir='ltr'>fraudulenti</span> <span class='ocrx_word' id='word_1_131' title='bbox 733 2437 811 2492; x_wconf 83' lang='lat' dir='ltr'>nulla</span> <span class='ocrx_word' id='word_1_132' title='bbox 829 2437 965 2507; x_wconf 79' lang='lat' dir='ltr'>obligat-io</span> <span class='ocrx_word' id='word_1_133' title='bbox 985 2441 1037 2493; x_wconf 87' lang='lat' dir='ltr'>est.</span> 
     </span>
     <span class='ocr_line' id='line_1_22' title="bbox 483 2520 1114 2592; baseline -0.002 -15"><span class='ocrx_word' id='word_1_134' title='bbox 483 2523 648 2577; x_wconf 74' lang='lat' dir='ltr'>Unrmnms:</span> <span class='ocrx_word' id='word_1_135' title='bbox 667 2520 683 2580; x_wconf 82' lang='grc'>1,.</span> <span class='ocrx_word' id='word_1_136' title='bbox 702 2531 733 2578; x_wconf 75' lang='grc'>47</span> <span class='ocrx_word' id='word_1_137' title='bbox 748 2539 795 2592; x_wconf 82' lang='lat' dir='ltr'>pr.</span> <span class='ocrx_word' id='word_1_138' title='bbox 814 2524 847 2577; x_wconf 76' lang='grc' dir='ltr'>ι).</span> <span class='ocrx_word' id='word_1_139' title='bbox 866 2525 898 2576; x_wconf 80' lang='lat' dir='ltr'>de</span> <span class='ocrx_word' id='word_1_140' title='bbox 917 2525 949 2578; x_wconf 83' lang='lat' dir='ltr'>R.</span> <span class='ocrx_word' id='word_1_141' title='bbox 967 2524 993 2577; x_wconf 84' lang='lat' dir='ltr'>J.</span> <span class='ocrx_word' id='word_1_142' title='bbox 1012 2531 1053 2585; x_wconf 83' lang='lat'>50,</span> <span class='ocrx_word' id='word_1_143' title='bbox 1074 2532 1114 2578; x_wconf 78' lang='lat'>17.</span> 
     </span>
     <span class='ocr_line' id='line_1_23' title="bbox 331 2607 1148 2677; baseline -0.001 -15"><span class='ocrx_word' id='word_1_144' title='bbox 331 2607 373 2662; x_wconf 81' lang='lat' dir='ltr'>Ex</span> <span class='ocrx_word' id='word_1_145' title='bbox 391 2608 635 2664; x_wconf 83' lang='lat' dir='ltr'>commendatione</span> <span class='ocrx_word' id='word_1_146' title='bbox 653 2613 683 2664; x_wconf 91' lang='lat' dir='ltr'>et</span> <span class='ocrx_word' id='word_1_147' title='bbox 702 2608 818 2664; x_wconf 89' lang='lat' dir='ltr'>oonsilio</span> <span class='ocrx_word' id='word_1_148' title='bbox 842 2608 968 2677; x_wconf 82' lang='lat' dir='ltr'>generali</span> <span class='ocrx_word' id='word_1_149' title='bbox 994 2609 1072 2663; x_wconf 80' lang='lat' dir='ltr'>nulla</span> <span class='ocrx_word' id='word_1_150' title='bbox 1098 2625 1148 2662; x_wconf 84' lang='lat' dir='ltr'>na·</span> 
     </span>
     <span class='ocr_line' id='line_1_24' title="bbox 278 2693 532 2764; baseline 0.004 -16"><span class='ocrx_word' id='word_1_151' title='bbox 278 2695 368 2749; x_wconf 84' lang='lat' dir='ltr'>scitur</span> <span class='ocrx_word' id='word_1_152' title='bbox 387 2693 532 2764; x_wconf 81' lang='lat' dir='ltr'>obligatio.</span> 
     </span>
     <span class='ocr_line' id='line_1_25' title="bbox 330 2779 1145 2849; baseline 0 -16"><span class='ocrx_word' id='word_1_153' title='bbox 330 2779 418 2834; x_wconf 88' lang='lat' dir='ltr'>Nemo</span> <span class='ocrx_word' id='word_1_154' title='bbox 445 2783 542 2849; x_wconf 87' lang='lat' dir='ltr'>potest</span> <span class='ocrx_word' id='word_1_155' title='bbox 567 2783 676 2835; x_wconf 88' lang='lat' dir='ltr'>mutare</span> <span class='ocrx_word' id='word_1_156' title='bbox 701 2779 849 2834; x_wconf 87' lang='lat' dir='ltr'>consilium</span> <span class='ocrx_word' id='word_1_157' title='bbox 871 2797 953 2835; x_wconf 91' lang='lat' dir='ltr'>suum</span> <span class='ocrx_word' id='word_1_158' title='bbox 975 2779 1005 2833; x_wconf 92' lang='lat' dir='ltr'>in</span> <span class='ocrx_word' id='word_1_159' title='bbox 1028 2779 1145 2835; x_wconf 81' lang='lat' dir='ltr'>alterius</span> 
     </span>
    </p>
   </div>
   <div class='ocr_carea' id='block_1_8' title="bbox 181 2859 1056 2928">
    <p class='ocr_par' dir='ltr' id='par_1_15' title="bbox 181 2859 1056 2928">
     <span class='ocr_line' id='line_1_26' title="bbox 181 2859 1056 2928; baseline 0 -10"><span class='ocrx_word' id='word_1_160' title='bbox 181 2859 183 2862; x_wconf 65' lang='grc'><strong>’</strong></span> <span class='ocrx_word' id='word_1_161' title='bbox 278 2863 417 2920; x_wconf 84' lang='lat' dir='ltr'>iniuriam.</span> <span class='ocrx_word' id='word_1_162' title='bbox 452 2863 650 2918; x_wconf 71' lang='lat' dir='ltr'>PAPIMAMJS:</span> <span class='ocrx_word' id='word_1_163' title='bbox 670 2862 686 2919; x_wconf 77' lang='lat' dir='ltr'>l.</span> <span class='ocrx_word' id='word_1_164' title='bbox 707 2873 738 2919; x_wconf 74' lang='lat' dir='ltr'>lt</span> <span class='ocrx_word' id='word_1_165' title='bbox 757 2865 790 2918; x_wconf 82' lang='grc' dir='ltr'>Ι).</span> <span class='ocrx_word' id='word_1_166' title='bbox 808 2866 841 2918; x_wconf 83' lang='lat' dir='ltr'>de</span> <span class='ocrx_word' id='word_1_167' title='bbox 859 2865 892 2918; x_wconf 82' lang='lat' dir='ltr'>R.</span> <span class='ocrx_word' id='word_1_168' title='bbox 911 2865 936 2918; x_wconf 83' lang='grc' dir='ltr'>Ι.</span> <span class='ocrx_word' id='word_1_169' title='bbox 955 2871 996 2928; x_wconf 86' lang='grc'>50,</span> <span class='ocrx_word' id='word_1_170' title='bbox 1016 2872 1056 2919; x_wconf 86' lang='grc'><strong>17.</strong></span> 
     </span>
    </p>
   </div>
   <div class='ocr_carea' id='block_1_9' title="bbox 278 2948 1151 3097">
    <p class='ocr_par' dir='ltr' id='par_1_16' title="bbox 278 2948 1151 3097">
     <span class='ocr_line' id='line_1_27' title="bbox 330 2948 1151 3020; baseline 0 -16"><span class='ocrx_word' id='word_1_171' title='bbox 330 2950 440 3006; x_wconf 86' lang='lat' dir='ltr'>Mutare</span> <span class='ocrx_word' id='word_1_172' title='bbox 460 2950 608 3005; x_wconf 89' lang='lat' dir='ltr'>consilium</span> <span class='ocrx_word' id='word_1_173' title='bbox 626 2951 689 3018; x_wconf 89' lang='lat' dir='ltr'>quis</span> <span class='ocrx_word' id='word_1_174' title='bbox 708 2967 765 3005; x_wconf 90' lang='lat' dir='ltr'>non</span> <span class='ocrx_word' id='word_1_175' title='bbox 782 2952 881 3020; x_wconf 87' lang='lat' dir='ltr'>potest</span> <span class='ocrx_word' id='word_1_176' title='bbox 891 2949 922 3004; x_wconf 90' lang='lat' dir='ltr'>in</span> <span class='ocrx_word' id='word_1_177' title='bbox 934 2948 1050 3004; x_wconf 88' lang='lat' dir='ltr'>alterius</span> <span class='ocrx_word' id='word_1_178' title='bbox 1063 2949 1151 3004; x_wconf 89' lang='lat' dir='ltr'>detri-</span> 
     </span>
     <span class='ocr_line' id='line_1_28' title="bbox 278 3037 880 3097; baseline -0.002 -8"><span class='ocrx_word' id='word_1_179' title='bbox 278 3040 414 3090; x_wconf 85' lang='lat' dir='ltr'>mentum.</span> <span class='ocrx_word' id='word_1_180' title='bbox 450 3052 471 3090; x_wconf 87' lang='lat' dir='ltr'>c.</span> <span class='ocrx_word' id='word_1_181' title='bbox 492 3043 524 3091; x_wconf 81' lang='grc'>33</span> <span class='ocrx_word' id='word_1_182' title='bbox 542 3037 575 3089; x_wconf 84' lang='lat' dir='ltr'>de</span> <span class='ocrx_word' id='word_1_183' title='bbox 594 3037 626 3090; x_wconf 85' lang='lat' dir='ltr'>R.</span> <span class='ocrx_word' id='word_1_184' title='bbox 645 3037 670 3092; x_wconf 82' lang='grc' dir='ltr'>Ι.</span> <span class='ocrx_word' id='word_1_185' title='bbox 689 3039 715 3089; x_wconf 77' lang='lat' dir='ltr'>in</span> <span class='ocrx_word' id='word_1_186' title='bbox 734 3043 779 3090; x_wconf 82' lang='grc'><strong>610</strong></span> <span class='ocrx_word' id='word_1_187' title='bbox 799 3042 838 3097; x_wconf 81' lang='lat'>15,</span> <span class='ocrx_word' id='word_1_188' title='bbox 857 3042 880 3089; x_wconf 78' lang='lat'>2.</span> 
     </span>
    </p>
   </div>
   <div class='ocr_carea' id='block_1_10' title="bbox 0 0 1354 3558">
    <p class='ocr_par' dir='ltr' id='par_1_17' title="bbox 0 0 1354 3558">
     <span class='ocr_line' id='line_1_29' title="bbox 0 0 1354 3558; baseline 0 0"><span class='ocrx_word' id='word_1_189' title='bbox 0 0 1354 3558; x_wconf 95' lang='lat' dir='ltr'> </span> 
     </span>
    </p>
   </div>
  </div>
 </body>
</html>
