2666 3560
703 219 764 280 112

346 384 448 439 Melior
455 385 576 439 habetur
584 384 755 454 possessoris
766 401 861 438 oense.
880 385 1013 438 Pronus:
1032 382 1048 434 Ι.
1066 389 1113 436 154
1122 397 1170 448 pr.

358 523 362 531 ,
828 470 1133 530 Aeeten

346 555 380 608 In
397 555 459 624 peri
478 572 563 610 eausa
580 571 730 624 possessor
746 556 840 624 potior
857 554 960 610 heberi
980 554 1073 608 debet

510 640 647 693 Pronus:
666 643 684 698 l.
705 647 753 695 128
767 642 868 708 [ιη-Ι).
886 644 919 695 de
938 642 972 697 R.
990 641 1015 694 J.
1034 647 1074 702 49,
1095 647 1137 694 17.

323 725 522 795 ·Oooupentis
543 725 644 780 melior
666 729 711 780 664
734 726 868 781 66111416.
903 726 1070 780 ULPIANUS:
1099 727 1116 780 1.
1137 733 1170 779 14

722 827 768 878 pr.
787 813 820 864 Ι).
839 814 872 866 de
884 813 977 865 noxal.
997 816 1048 864 oct.
1067 817 1091 873 9,
1110 818 1137 887 43

349 896 383 949 ln
402 895 487 949 dubio
506 913 557 964 pro
576 912 747 965 possessore.

349 979 528 1035 Possessores
546 984 612 1034 sunt
622 979 757 1050 potiores,
775 981 845 1036 licet
856 983 966 1035 nullum
977 981 1022 1036 ius
1034 980 1172 1035 habeant.

527 1065 693 1119 Usprrros:
713 1068 816 1121 151).
836 1069 861 1119 si
876 1069 979 1134 ususfr.
992 1072 1048 1133 pet.
1069 1075 1092 1128 1,
1112 1073 1136 1121 6.

350 1150 531 1205 Possidentes
544 1151 748 1219 exceptionem,
762 1169 820 1206 161
831 1151 1011 1221 possidentes
1026 1140 1172 1205 ortionem

298 1237 414 1292 hebent.

350 1321 414 1376 Non
425 1322 537 1376 videtur
547 1322 756 1390 possessionem
768 1321 889 1391 adeptus
901 1322 934 1386 is,
953 1322 1003 1391 qui
1014 1323 1056 1376 146
1068 1325 1174 1376 neotus

300 1410 353 1470 664,
376 1409 409 1460 14
431 1399 495 1460 eom
515 1406 636 1460 retinere
659 1423 717 1460 161
743 1407 843 1476 possit.
884 1408 1071 1460 IAVOLENUS:
1099 1407 1116 1460 1.
1139 1415 1175 1462 22

612 1492 648 1548 D.
666 1495 699 1546 de
717 1495 817 1559 acquir.
836 1494 877 1545 vel
895 1509 944 1546 om.
959 1509 1035 1560 poss.
1052 1501 1094 1555 41,
1114 1501 1139 1546 1.

351 1575 390 1628 Ut
408 1615 448 1632 ...
467 1576 546 1630 nulla
563 1579 705 1644 possessio
719 1578 828 1646 eequiri
839 1578 894 1632 nisi
907 1578 1001 1633 animo
1014 1581 1044 1633 et
1057 1593 1179 1646 corpore

299 1661 408 1729 potest,
431 1659 473 1714 ite
494 1661 574 1714 nulla
596 1663 825 1726 6111441411,1161
847 1664 877 1718 11
901 1683 958 1733 que
976 1668 1129 1731 utrumque
1146 1662 1180 1716 in

298 1743 473 1798 eontrarium
491 1749 594 1799 actum.
623 1748 759 1801 PAULUS:
778 1751 795 1802 Ι.
815 1757 866 1805 159
884 1752 920 1806 Ι).
938 1753 971 1803 de
989 1750 1180 1812 1616611.

351 1828 385 1881 In
403 1828 559 1883 amittendo
577 1848 689 1900 quoque
707 1835 886 1902 possessione
906 1834 1021 1889 effectio
1036 1834 1106 1896 eius,
1126 1833 1181 1902 qui

300 1912 436 1982 possidet,
453 1912 590 1968 intuendo
609 1919 658 1970 est
685 1918 819 1972 Penios:
839 1922 884 1974 Le
904 1921 950 1988 §6
970 1920 1004 1972 D.
1023 1922 1056 1972 de
1073 1921 1180 1986 acquir.

835 2007 876 2057 vel
895 2021 944 2058 6111.
958 2020 1036 2072 poss.
1055 2013 1097 2066 41,
1116 2011 1142 2056 9.

603 2127 866 2186 Postliminium.

354 2232 562 2288 Postliminium
589 2241 633 2292 est
658 2238 702 2292 ius
731 2239 850 2295 emissae
877 2242 919 2294 rei
936 2240 1119 2310 recipiendae
1140 2243 1179 2296 ab

302 2320 436 2371 extraneo
450 2319 520 2373 etin
533 2321 638 2374 statum
654 2323 805 2392 pristinum
812 2325 1016 2380 restituendae.
1039 2326 1179 2380 Pronus:

653 2411 671 2460 1.
691 2416 722 2463 19
736 2425 783 2476 pr.
801 2411 835 2463 Ι).
854 2413 1017 2479 deceperis
1035 2418 1080 2473 49,
1101 2420 1143 2464 15.

354 2484 563 2542 Postliminium
580 2489 661 2560 fingit
678 2510 748 2556 eum,
768 2493 817 2562 qui
830 2499 930 2564 eaptus
944 2499 997 2559 est,
1016 2496 1047 2550 in
1060 2495 1179 2551 civitate

302 2584 416 2638 semper
432 2571 527 2626 fuisse.
565 2574 581 2642 ξ
600 2583 614 2628 5
633 2575 658 2628 J.
676 2579 742 2644 quid
760 2582 826 2633 mod.
836 2584 887 2647 jue
908 2589 991 2644 1,'12.

478 2732 651 2792 ,Potestas
687 2737 802 2793 Petris
823 2714 988 2806 potestas.

355 2839 388 2891 Ι1
399 2844 543 2909 potestate
556 2847 652 2898 nostra
665 2850 730 2900 sunt
740 2847 822 2902 liberi
834 2850 933 2913 nostri,
953 2868 1025 2919 quos
1045 2869 1080 2907 ex
1091 2852 1178 2908 iustis

304 2923 410 2992 nuptiis
428 2927 646 2994 procreavimus.
677 2947 724 2998 pr.
741 2933 766 2987 J.
784 2937 817 2987 de
829 2942 906 3001 patr.
920 2943 978 3003 pot.
1000 2946 1022 3001 1,
1044 2945 1068 2992 9.
