2698 3558
700 325 742 388 34

337 489 424 544 Inviti
442 489 638 543 adolescentes
653 494 796 545 curatores
809 508 867 544 non
879 491 1024 561 accipiunt
1034 494 1162 560 praeter-

286 591 372 642 quam
389 575 420 628 in
437 574 526 628 litem.
559 575 579 643 ,ξ
599 583 614 629 2
632 576 657 628 J.
675 579 708 629 de
726 584 843 630 curator.
865 586 887 641 1,
907 585 947 632 23.

336 659 515 715 Permittitur
611 661 733 716 debitori
752 662 922 732 compellere
945 663 1160 718 adolescentem

287 747 325 799 ad
341 745 480 815 petendos
499 745 554 799 sibi
573 750 724 802 curatores.
752 748 918 802 animnos:
937 747 954 802 l.
975 757 988 803 7
1008 750 1108 818 §aa
1126 752 1162 803 de

943 838 1037 889 minor.
1055 843 1079 895 4,
1098 843 1123 888 4.

337 915 456 970 Curator
477 916 586 985 pupillo
608 934 666 971 non
690 917 784 982 datur,
808 919 832 972 si
854 923 931 974 tutor
949 920 1009 974 eius
1028 919 1162 974 adfuerit.

570 1003 585 1030 ³*
604 1003 730 1057 Onasus:
750 1001 765 1056 l.
786 1013 816 1058 11
836 1005 869 1058 D.
888 1008 921 1059 dc
939 1009 1019 1058 tutor.
1039 1011 1079 1067 26,
1099 1011 1122 1060 5.

337 1087 456 1141 Curatur
474 1091 502 1142 et
520 1088 557 1141 ad
575 1092 682 1142 certam
701 1105 817 1144 causam
840 1090 900 1144 dari
922 1093 1026 1160 potest.
1063 1091 1079 1159 ξ
1099 1096 1113 1143 2
1132 1090 1161 1143 J.

848 1178 1017 1230 decorator.
1038 1183 1061 1238 1,
1081 1182 1122 1230 23.

337 1258 462 1313 Consilio
482 1261 512 1312 et
530 1275 616 1329 opera
635 1260 772 1314 curatoris
790 1261 863 1315 tueri
882 1261 968 1316 debet
989 1277 1047 1315 non
1067 1260 1159 1314 solum

284 1345 494 1414 patrimonium,
513 1344 564 1398 sed
577 1347 606 1398 et
618 1361 719 1414 corpus
732 1362 766 1399 ao
780 1346 855 1400 salus
868 1346 975 1401 furiosi.
998 1347 1160 1401 IULIANUS:

576 1427 593 1482 l.
614 1437 626 1482 7
643 1446 688 1497 pr.
706 1431 740 1483 D.
759 1434 792 1484 de
810 1438 927 1486 curator.
943 1431 1003 1498 sur.
1021 1439 1062 1496 27,
1082 1439 1123 1488 10.

336 1516 454 1570 Maritus
472 1515 552 1570 uxori
571 1531 637 1569 suae
657 1519 769 1570 curator
788 1517 877 1570 creari
889 1534 946 1570 nou
958 1520 1062 1585 potest.
1093 1515 1108 1544 *
1128 1517 1160 1570 L.

746 1608 760 1654 2
783 1603 808 1655 0.
827 1606 871 1668 qui
889 1605 955 1656 darc
972 1608 1019 1656 tut.
1039 1609 1062 1666 5,
1082 1609 1122 1657 34.

329 1685 399 1740 ‘Non
416 1690 513 1756 potest
531 1688 642 1740 curator
660 1702 722 1740 esse
742 1703 864 1756 sponsae
883 1705 1010 1756 sponsus.

439 1771 647 1824 Monnsrnsns:
666 1769 710 1826 ll
731 1774 776 1841 §5
795 1775 829 1827 Ι).
847 1776 880 1826 de
898 1779 1019 1827 excusat.
1038 1781 1079 1837 27,
1100 1781 1122 1826 1.

537 1917 716 1972 Damnum.
747 1919 908 1974 Lucrum.

335 2026 434 2096 Neque
457 2027 533 2082 enim
554 2028 663 2081 lucrum
685 2028 855 2098 intelligitur
877 2029 933 2082 nisi
955 2029 1031 2083 omni
1054 2028 1162 2082 damno

285 2114 408 2168 deducto
426 2130 518 2182 neque
537 2112 672 2166 damnum
689 2113 744 2167 nisi
763 2114 839 2167 omni
856 2114 936 2168 lucro
954 2113 1085 2168 deducto.

591 2197 724 2251 Prinos:
743 2197 760 2252 l.
778 2206 811 2254 30
829 2201 863 2252 D.
877 2215 932 2268 pro
950 2202 1020 2253 rocio
1040 2208 1079 2262 17,
1099 2206 1123 2252 2.

335 2284 476 2338 Damnum
487 2284 547 2354 pati
559 2283 678 2348 videtur,
697 2284 746 2352 qui
759 2284 938 2338 commodum
951 2284 1063 2348 amittit,
1081 2284 1162 2352 quod

286 2369 421 2438 consequi
438 2372 557 2439 poterat.
593 2369 760 2422 ULPIANUS:
783 2368 800 2422 l.
814 2377 834 2423 γ2
855 2371 871 2439 5
892 2379 921 2425 11
942 2371 975 2423 Ι).
999 2387 1031 2423 ne
1051 2372 1114 2436 quid
1131 2372 1160 2421 irs

963 2452 1019 2508 loco
1036 2456 1079 2518 43,
1098 2461 1122 2508 8.

336 2541 426 2604 Nemo
446 2541 579 2594 damnum
596 2541 673 2605 facit,
691 2541 746 2595 uisi
764 2541 813 2609 qui
831 2541 861 2595 id
878 2540 955 2605 fecit,
975 2540 1052 2608 quod
1063 2540 1160 2594 facere

284 2627 328 2681 ius
347 2627 517 2682 nonhabet.
552 2627 686 2680 Pronus:
705 2625 721 2680 l.
743 2635 788 2682 151
809 2628 842 2680 1).
861 2629 894 2680 dc
913 2629 946 2680 R.
965 2628 989 2680 J.
1009 2634 1050 2690 50,
1070 2632 1110 2678 17.

336 2711 375 2766 Et
384 2713 433 2780 qui
443 2712 623 2766 occasionem
631 2715 767 2781 praestat,
781 2711 915 2765 damnum
924 2711 1027 2767 fecisse
1037 2710 1161 2764 videtur.

467 2798 600 2851 PAULUS:
620 2795 636 2850 l.
656 2805 688 2853 30
707 2798 724 2866 ξ
744 2805 758 2852 3
778 2799 811 2850 Ι).
831 2800 866 2850 ad
882 2794 931 2865 leq.
949 2794 1036 2864 nquit
1056 2804 1080 2860 9,
1098 2803 1122 2850 2.

336 2884 365 2938 Is
390 2883 522 2936 damnum
546 2883 605 2947 dat,
629 2883 678 2951 qui
700 2883 781 2937 iubet
804 2883 883 2938 dare:
907 2883 967 2938 eius
990 2898 1057 2936 vero
1079 2882 1163 2935 nulla

286 2970 371 3038 eulpa
389 2972 441 3033 est,
461 2969 506 3022 cui
523 2985 623 3037 parere
640 2984 759 3022 necesse
778 2971 828 3022 est.
858 2967 992 3022 Pinnos:
1011 2965 1028 3021 l.
1049 2973 1096 3022 169
1110 2983 1161 3035 pr.

824 3053 1123 3116 stmssdmst
