<?xml version="1.0" encoding="UTF-8"?>
<!DOCTYPE html PUBLIC "-//W3C//DTD XHTML 1.0 Transitional//EN"
    "http://www.w3.org/TR/xhtml1/DTD/xhtml1-transitional.dtd">
<html xmlns="http://www.w3.org/1999/xhtml" xml:lang="en" lang="en">
 <head>
  <title>
</title>
<meta http-equiv="Content-Type" content="text/html;charset=utf-8" />
  <meta name='ocr-system' content='tesseract 3.04.00' />
  <meta name='ocr-capabilities' content='ocr_page ocr_carea ocr_par ocr_line ocrx_word'/>
</head>
<body>
  <div class='ocr_page' id='page_1' title='image "./regulaeiuris00fromgoog_0076.png"; bbox 0 0 2698 3558; ppageno 0'>
   <div class='ocr_carea' id='block_1_1' title="bbox 616 315 654 378">
    <p class='ocr_par' dir='ltr' id='par_1_1' title="bbox 616 315 654 378">
     <span class='ocr_line' id='line_1_1' title="bbox 616 315 654 378; baseline -0.026 0"><span class='ocrx_word' id='word_1_1' title='bbox 616 315 654 378; x_wconf 84' lang='grc'><strong>67</strong></span> 
     </span>
    </p>
   </div>
   <div class='ocr_carea' id='block_1_2' title="bbox 196 491 1073 2380">
    <p class='ocr_par' dir='ltr' id='par_1_2' title="bbox 196 491 1073 2380">
     <span class='ocr_line' id='line_1_2' title="bbox 566 491 707 547; baseline 0.007 -1"><span class='ocrx_word' id='word_1_2' title='bbox 566 491 707 547; x_wconf 79' lang='lat' dir='ltr'><strong>Iniuria.</strong></span> 
     </span>
     <span class='ocr_line' id='line_1_3' title="bbox 251 601 1072 670; baseline 0.004 -15"><span class='ocrx_word' id='word_1_3' title='bbox 251 601 359 656; x_wconf 81' lang='lat' dir='ltr'>Iniuria</span> <span class='ocrx_word' id='word_1_4' title='bbox 377 605 422 657; x_wconf 83' lang='lat' dir='ltr'><strong>est</strong></span> <span class='ocrx_word' id='word_1_5' title='bbox 440 618 533 666; x_wconf 90' lang='lat' dir='ltr'><strong>omne,</strong></span> <span class='ocrx_word' id='word_1_6' title='bbox 552 602 628 670; x_wconf 91' lang='lat' dir='ltr'><strong>quod</strong></span> <span class='ocrx_word' id='word_1_7' title='bbox 646 618 703 655; x_wconf 90' lang='lat' dir='ltr'><strong>non</strong></span> <span class='ocrx_word' id='word_1_8' title='bbox 720 602 782 656; x_wconf 92' lang='lat' dir='ltr'><strong>iure</strong></span> <span class='ocrx_word' id='word_1_9' title='bbox 799 602 837 658; x_wconf 82' lang='lat' dir='ltr'><strong>fit.</strong></span> <span class='ocrx_word' id='word_1_10' title='bbox 868 603 1034 656; x_wconf 71' lang='lat' dir='ltr'><strong>ULPIANus:</strong></span> <span class='ocrx_word' id='word_1_11' title='bbox 1053 605 1072 659; x_wconf 86' lang='lat' dir='ltr'><strong>l.</strong></span> 
     </span>
     <span class='ocr_line' id='line_1_4' title="bbox 199 689 1072 757; baseline 0.002 -16"><span class='ocrx_word' id='word_1_12' title='bbox 199 697 213 744; x_wconf 86' lang='lat' dir='ltr'><strong>l</strong></span> <span class='ocrx_word' id='word_1_13' title='bbox 229 705 277 756; x_wconf 83' lang='lat' dir='ltr'><strong>pr.</strong></span> <span class='ocrx_word' id='word_1_14' title='bbox 295 689 329 742; x_wconf 76' lang='lat'><strong>1).</strong></span> <span class='ocrx_word' id='word_1_15' title='bbox 347 691 380 742; x_wconf 83' lang='lat' dir='ltr'><strong>de</strong></span> <span class='ocrx_word' id='word_1_16' title='bbox 397 690 504 756; x_wconf 75' lang='lat' dir='ltr'><strong>injuriis</strong></span> <span class='ocrx_word' id='word_1_17' title='bbox 521 696 563 752; x_wconf 93' lang='grc'><strong>47,</strong></span> <span class='ocrx_word' id='word_1_18' title='bbox 583 695 614 742; x_wconf 84' lang='lat'><strong>10</strong></span> <span class='ocrx_word' id='word_1_19' title='bbox 633 691 685 752; x_wconf 76' lang='lat' dir='ltr'><strong>(cf.</strong></span> <span class='ocrx_word' id='word_1_20' title='bbox 704 690 749 742; x_wconf 78' lang='grc'><strong>15</strong></span> <span class='ocrx_word' id='word_1_21' title='bbox 769 689 861 757; x_wconf 63' lang='lat'>511).</span> <span class='ocrx_word' id='word_1_22' title='bbox 875 692 911 742; x_wconf 77' lang='lat' dir='ltr'><strong>ccl</strong></span> <span class='ocrx_word' id='word_1_23' title='bbox 921 691 970 756; x_wconf 71' lang='lat' dir='ltr'><strong>lep.</strong></span> <span class='ocrx_word' id='word_1_24' title='bbox 983 691 1072 756; x_wconf 77' lang='lat' dir='ltr'><strong>Aquil.</strong></span> 
     </span>
     <span class='ocr_line' id='line_1_5' title="bbox 951 781 1036 840; baseline -0.024 -11"><span class='ocrx_word' id='word_1_25' title='bbox 951 781 975 838; x_wconf 83' lang='lat'><strong>9,</strong></span> <span class='ocrx_word' id='word_1_26' title='bbox 994 781 1036 840; x_wconf 78' lang='lat'><strong>2).</strong></span> 
     </span>
     <span class='ocr_line' id='line_1_6' title="bbox 251 858 1070 929; baseline -0.002 -15"><span class='ocrx_word' id='word_1_27' title='bbox 251 860 374 915; x_wconf 79' lang='lat' dir='ltr'>Iniuriae</span> <span class='ocrx_word' id='word_1_28' title='bbox 393 864 467 923; x_wconf 88' lang='lat' dir='ltr'><strong>sunt,</strong></span> <span class='ocrx_word' id='word_1_29' title='bbox 486 877 558 927; x_wconf 79' lang='lat' dir='ltr'><strong>quae</strong></span> <span class='ocrx_word' id='word_1_30' title='bbox 577 863 626 914; x_wconf 85' lang='lat' dir='ltr'><strong>eut</strong></span> <span class='ocrx_word' id='word_1_31' title='bbox 642 858 804 929; x_wconf 79' lang='lat' dir='ltr'><strong>pulsatione</strong></span> <span class='ocrx_word' id='word_1_32' title='bbox 824 876 925 928; x_wconf 88' lang='lat' dir='ltr'><strong>corpus</strong></span> <span class='ocrx_word' id='word_1_33' title='bbox 944 862 994 914; x_wconf 79' lang='lat' dir='ltr'><strong>eut</strong></span> <span class='ocrx_word' id='word_1_34' title='bbox 1007 875 1070 913; x_wconf 91' lang='lat' dir='ltr'><strong>con·</strong></span> 
     </span>
     <span class='ocr_line' id='line_1_7' title="bbox 198 944 1071 1015; baseline 0.003 -17"><span class='ocrx_word' id='word_1_35' title='bbox 198 944 274 1000; x_wconf 87' lang='lat' dir='ltr'><strong>vicio</strong></span> <span class='ocrx_word' id='word_1_36' title='bbox 292 961 385 999; x_wconf 86' lang='lat' dir='ltr'><strong>mores</strong></span> <span class='ocrx_word' id='word_1_37' title='bbox 404 949 454 999; x_wconf 80' lang='lat' dir='ltr'><strong>eut</strong></span> <span class='ocrx_word' id='word_1_38' title='bbox 471 945 568 1014; x_wconf 79' lang='lat' dir='ltr'><strong>alique</strong></span> <span class='ocrx_word' id='word_1_39' title='bbox 585 945 761 1015; x_wconf 79' lang='lat' dir='ltr'><strong>turpitudine</strong></span> <span class='ocrx_word' id='word_1_40' title='bbox 778 945 868 1000; x_wconf 81' lang='lat' dir='ltr'><strong>vitam</strong></span> <span class='ocrx_word' id='word_1_41' title='bbox 881 944 1000 1000; x_wconf 82' lang='lat' dir='ltr'><strong>alicuius</strong></span> <span class='ocrx_word' id='word_1_42' title='bbox 1013 945 1071 1001; x_wconf 84' lang='lat' dir='ltr'><strong>vio·</strong></span> 
     </span>
     <span class='ocr_line' id='line_1_8' title="bbox 197 1029 706 1094; baseline 0.004 -11"><span class='ocrx_word' id='word_1_43' title='bbox 197 1032 268 1084; x_wconf 82' lang='lat' dir='ltr'><strong>lant.</strong></span> <span class='ocrx_word' id='word_1_44' title='bbox 304 1034 413 1084; x_wconf 76' lang='lat' dir='ltr'><strong>Auctor.</strong></span> <span class='ocrx_word' id='word_1_45' title='bbox 431 1034 468 1084; x_wconf 84' lang='lat' dir='ltr'><strong>ad</strong></span> <span class='ocrx_word' id='word_1_46' title='bbox 485 1029 604 1088; x_wconf 83' lang='lat' dir='ltr'><strong>Herenn,</strong></span> <span class='ocrx_word' id='word_1_47' title='bbox 621 1040 646 1094; x_wconf 92' lang='lat'><strong>4,</strong></span> <span class='ocrx_word' id='word_1_48' title='bbox 665 1037 706 1085; x_wconf 77' lang='lat'><strong>25.</strong></span> 
     </span>
     <span class='ocr_line' id='line_1_9' title="bbox 252 1114 1073 1187; baseline 0.005 -18"><span class='ocrx_word' id='word_1_49' title='bbox 252 1115 368 1184; x_wconf 79' lang='lat' dir='ltr'>Spectat</span> <span class='ocrx_word' id='word_1_50' title='bbox 380 1116 416 1170; x_wconf 82' lang='lat' dir='ltr'><strong>ed</strong></span> <span class='ocrx_word' id='word_1_51' title='bbox 428 1133 480 1170; x_wconf 87' lang='lat' dir='ltr'><strong>nos</strong></span> <span class='ocrx_word' id='word_1_52' title='bbox 493 1115 603 1179; x_wconf 79' lang='lat' dir='ltr'><strong>iniuria,</strong></span> <span class='ocrx_word' id='word_1_53' title='bbox 618 1133 690 1184; x_wconf 86' lang='lat' dir='ltr'><strong>quae</strong></span> <span class='ocrx_word' id='word_1_54' title='bbox 702 1116 746 1170; x_wconf 91' lang='lat' dir='ltr'><strong>his</strong></span> <span class='ocrx_word' id='word_1_55' title='bbox 760 1114 799 1182; x_wconf 84' lang='lat' dir='ltr'><strong>iit,</strong></span> <span class='ocrx_word' id='word_1_56' title='bbox 813 1117 862 1186; x_wconf 90' lang='lat' dir='ltr'><strong>qui</strong></span> <span class='ocrx_word' id='word_1_57' title='bbox 876 1119 920 1172; x_wconf 90' lang='lat' dir='ltr'><strong>vel</strong></span> <span class='ocrx_word' id='word_1_58' title='bbox 932 1117 1073 1187; x_wconf 71' lang='lat' dir='ltr'><strong>potestati</strong></span> 
     </span>
     <span class='ocr_line' id='line_1_10' title="bbox 197 1200 1071 1273; baseline 0.006 -20"><span class='ocrx_word' id='word_1_59' title='bbox 197 1204 313 1255; x_wconf 78' lang='lat' dir='ltr'><strong>nostrae</strong></span> <span class='ocrx_word' id='word_1_60' title='bbox 331 1201 377 1255; x_wconf 87' lang='lat' dir='ltr'><strong>vel</strong></span> <span class='ocrx_word' id='word_1_61' title='bbox 395 1201 480 1256; x_wconf 84' lang='lat' dir='ltr'><strong>effect</strong></span> <span class='ocrx_word' id='word_1_62' title='bbox 481 1201 510 1255; x_wconf 92' lang='lat' dir='ltr'><strong>ui</strong></span> <span class='ocrx_word' id='word_1_63' title='bbox 529 1200 650 1255; x_wconf 87' lang='lat' dir='ltr'><strong>subiecti</strong></span> <span class='ocrx_word' id='word_1_64' title='bbox 669 1205 741 1256; x_wconf 86' lang='lat' dir='ltr'><strong>sunt.</strong></span> <span class='ocrx_word' id='word_1_65' title='bbox 769 1202 1002 1259; x_wconf 75' lang='lat' dir='ltr'><strong>Unnnuustl.1</strong></span> <span class='ocrx_word' id='word_1_66' title='bbox 1024 1205 1071 1273; x_wconf 73' lang='lat'><strong>§3</strong></span> 
     </span>
     <span class='ocr_line' id='line_1_11' title="bbox 704 1289 1035 1356; baseline 0.009 -15"><span class='ocrx_word' id='word_1_67' title='bbox 704 1289 737 1342; x_wconf 89' lang='lat' dir='ltr'><strong>D.</strong></span> <span class='ocrx_word' id='word_1_68' title='bbox 756 1291 818 1342; x_wconf 81' lang='lat' dir='ltr'><strong>dc</strong></span> <span class='ocrx_word' id='word_1_69' title='bbox 807 1293 915 1356; x_wconf 68' lang='lat' dir='ltr'><strong>spuriis</strong></span> <span class='ocrx_word' id='word_1_70' title='bbox 932 1299 974 1352; x_wconf 87' lang='grc'><strong>47,</strong></span> <span class='ocrx_word' id='word_1_71' title='bbox 995 1296 1035 1344; x_wconf 88' lang='lat'><strong>10.</strong></span> 
     </span>
     <span class='ocr_line' id='line_1_12' title="bbox 250 1337 1071 1444; baseline 0.002 -18"><span class='ocrx_word' id='word_1_72' title='bbox 250 1337 359 1427; x_wconf 81' lang='lat' dir='ltr'><strong>Crescit</strong></span> <span class='ocrx_word' id='word_1_73' title='bbox 368 1373 540 1427; x_wconf 75' lang='lat' dir='ltr'><strong>contumelia</strong></span> <span class='ocrx_word' id='word_1_74' title='bbox 551 1390 585 1426; x_wconf 85' lang='lat' dir='ltr'><strong>ex</strong></span> <span class='ocrx_word' id='word_1_75' title='bbox 594 1390 715 1444; x_wconf 79' lang='lat' dir='ltr'><strong>persone</strong></span> <span class='ocrx_word' id='word_1_76' title='bbox 724 1374 793 1438; x_wconf 90' lang='lat' dir='ltr'><strong>eius,</strong></span> <span class='ocrx_word' id='word_1_77' title='bbox 806 1392 855 1442; x_wconf 84' lang='lat' dir='ltr'><strong>qur</strong></span> <span class='ocrx_word' id='word_1_78' title='bbox 847 1374 1071 1430; x_wconf 82' lang='lat' dir='ltr'><strong>contumeliam</strong></span> 
     </span>
     <span class='ocr_line' id='line_1_13' title="bbox 196 1455 979 1528; baseline 0.006 -18"><span class='ocrx_word' id='word_1_79' title='bbox 196 1456 274 1511; x_wconf 88' lang='lat' dir='ltr'><strong>fecit.</strong></span> <span class='ocrx_word' id='word_1_80' title='bbox 310 1456 475 1516; x_wconf 63' lang='lat' dir='ltr'><strong>Uestinus:</strong></span> <span class='ocrx_word' id='word_1_81' title='bbox 493 1455 509 1512; x_wconf 76' lang='lat' dir='ltr'><strong>t.</strong></span> <span class='ocrx_word' id='word_1_82' title='bbox 530 1467 560 1514; x_wconf 90' lang='grc'><strong>17</strong></span> <span class='ocrx_word' id='word_1_83' title='bbox 581 1461 597 1528; x_wconf 65' lang='lat'>5</span> <span class='ocrx_word' id='word_1_84' title='bbox 617 1460 683 1514; x_wconf 84' lang='grc'>31).</span> <span class='ocrx_word' id='word_1_85' title='bbox 702 1462 763 1513; x_wconf 88' lang='lat' dir='ltr'><strong>de</strong></span> <span class='ocrx_word' id='word_1_86' title='bbox 753 1476 860 1526; x_wconf 67' lang='lat' dir='ltr'><strong>imerus</strong></span> <span class='ocrx_word' id='word_1_87' title='bbox 876 1470 919 1521; x_wconf 90' lang='grc'><strong>47</strong></span> <span class='ocrx_word' id='word_1_88' title='bbox 940 1467 979 1515; x_wconf 86' lang='grc'><strong>10</strong></span> 
     </span>
     <span class='ocr_line' id='line_1_14' title="bbox 249 1543 1071 1613; baseline 0.002 -15"><span class='ocrx_word' id='word_1_89' title='bbox 249 1544 379 1598; x_wconf 81' lang='lat' dir='ltr'><strong>Facere</strong></span> <span class='ocrx_word' id='word_1_90' title='bbox 371 1545 502 1599; x_wconf 82' lang='lat' dir='ltr'><strong>miuriam</strong></span> <span class='ocrx_word' id='word_1_91' title='bbox 519 1561 612 1609; x_wconf 87' lang='lat' dir='ltr'><strong>nemo,</strong></span> <span class='ocrx_word' id='word_1_92' title='bbox 630 1545 685 1598; x_wconf 84' lang='lat' dir='ltr'><strong>nisi</strong></span> <span class='ocrx_word' id='word_1_93' title='bbox 704 1543 751 1613; x_wconf 88' lang='lat' dir='ltr'><strong>qui</strong></span> <span class='ocrx_word' id='word_1_94' title='bbox 770 1546 826 1601; x_wconf 89' lang='lat' dir='ltr'><strong>scit</strong></span> <span class='ocrx_word' id='word_1_95' title='bbox 844 1563 873 1600; x_wconf 87' lang='lat' dir='ltr'><strong>se</strong></span> <span class='ocrx_word' id='word_1_96' title='bbox 886 1545 1071 1600; x_wconf 85' lang='lat' dir='ltr'><strong>iniuriamfe-</strong></span> 
     </span>
     <span class='ocr_line' id='line_1_15' title="bbox 199 1628 1070 1700; baseline 0.003 -17"><span class='ocrx_word' id='word_1_97' title='bbox 199 1645 273 1692; x_wconf 88' lang='lat' dir='ltr'><strong>cere,</strong></span> <span class='ocrx_word' id='word_1_98' title='bbox 291 1633 394 1698; x_wconf 88' lang='lat' dir='ltr'><strong>potest.</strong></span> <span class='ocrx_word' id='word_1_99' title='bbox 423 1631 587 1684; x_wconf 75' lang='lat' dir='ltr'>ULPIANUS:</span> <span class='ocrx_word' id='word_1_100' title='bbox 606 1628 622 1685; x_wconf 80' lang='lat' dir='ltr'><strong>t</strong></span> <span class='ocrx_word' id='word_1_101' title='bbox 641 1639 656 1684; x_wconf 84' lang='lat'><strong>3</strong></span> <span class='ocrx_word' id='word_1_102' title='bbox 676 1632 721 1700; x_wconf 76' lang='lat'><strong>§2</strong></span> <span class='ocrx_word' id='word_1_103' title='bbox 740 1632 774 1686; x_wconf 88' lang='lat' dir='ltr'><strong>D.</strong></span> <span class='ocrx_word' id='word_1_104' title='bbox 792 1634 826 1686; x_wconf 83' lang='lat' dir='ltr'><strong>de</strong></span> <span class='ocrx_word' id='word_1_105' title='bbox 843 1635 951 1699; x_wconf 60' lang='lat' dir='ltr'><strong>inperite</strong></span> <span class='ocrx_word' id='word_1_106' title='bbox 968 1641 1010 1696; x_wconf 86' lang='grc'><strong>47,</strong></span> <span class='ocrx_word' id='word_1_107' title='bbox 1031 1640 1070 1686; x_wconf 90' lang='lat'><strong>10.</strong></span> 
     </span>
     <span class='ocr_line' id='line_1_16' title="bbox 249 1715 1070 1787; baseline 0.002 -19"><span class='ocrx_word' id='word_1_108' title='bbox 249 1715 362 1768; x_wconf 81' lang='lat' dir='ltr'>Nullam</span> <span class='ocrx_word' id='word_1_109' title='bbox 379 1719 476 1785; x_wconf 87' lang='lat' dir='ltr'><strong>potest</strong></span> <span class='ocrx_word' id='word_1_110' title='bbox 493 1717 583 1771; x_wconf 87' lang='lat' dir='ltr'><strong>videri</strong></span> <span class='ocrx_word' id='word_1_111' title='bbox 600 1717 730 1770; x_wconf 78' lang='lat' dir='ltr'><strong>iniurium</strong></span> <span class='ocrx_word' id='word_1_112' title='bbox 749 1718 892 1787; x_wconf 79' lang='lat' dir='ltr'><strong>accipere,</strong></span> <span class='ocrx_word' id='word_1_113' title='bbox 915 1717 964 1786; x_wconf 90' lang='lat' dir='ltr'><strong>qui</strong></span> <span class='ocrx_word' id='word_1_114' title='bbox 983 1718 1070 1773; x_wconf 87' lang='lat' dir='ltr'><strong>semel</strong></span> 
     </span>
     <span class='ocr_line' id='line_1_17' title="bbox 196 1800 900 1871; baseline 0.006 -17"><span class='ocrx_word' id='word_1_115' title='bbox 196 1800 296 1854; x_wconf 83' lang='lat' dir='ltr'><strong>voluit.</strong></span> <span class='ocrx_word' id='word_1_116' title='bbox 331 1801 465 1854; x_wconf 68' lang='lat' dir='ltr'><strong>Pennus:</strong></span> <span class='ocrx_word' id='word_1_117' title='bbox 485 1805 501 1856; x_wconf 84' lang='lat' dir='ltr'><strong>l.</strong></span> <span class='ocrx_word' id='word_1_118' title='bbox 521 1810 535 1857; x_wconf 81' lang='grc'>9</span> <span class='ocrx_word' id='word_1_119' title='bbox 554 1804 571 1871; x_wconf 64' lang='grc' dir='ltr'><strong>ἕ</strong></span> <span class='ocrx_word' id='word_1_120' title='bbox 592 1811 604 1857; x_wconf 84' lang='grc'>1</span> <span class='ocrx_word' id='word_1_121' title='bbox 624 1805 658 1856; x_wconf 87' lang='grc' dir='ltr'><strong>Ι).</strong></span> <span class='ocrx_word' id='word_1_122' title='bbox 676 1806 709 1857; x_wconf 84' lang='lat' dir='ltr'><strong>dc</strong></span> <span class='ocrx_word' id='word_1_123' title='bbox 727 1819 797 1870; x_wconf 79' lang='lat' dir='ltr'><strong>aquo</strong></span> <span class='ocrx_word' id='word_1_124' title='bbox 814 1809 856 1868; x_wconf 82' lang='lat'><strong>39,</strong></span> <span class='ocrx_word' id='word_1_125' title='bbox 876 1810 900 1858; x_wconf 84' lang='lat'><strong>3.</strong></span> 
     </span>
     <span class='ocr_line' id='line_1_18' title="bbox 250 1887 617 1942; baseline 0.005 -2"><span class='ocrx_word' id='word_1_126' title='bbox 250 1887 366 1942; x_wconf 87' lang='lat' dir='ltr'><strong>Volenti</strong></span> <span class='ocrx_word' id='word_1_127' title='bbox 383 1903 440 1942; x_wconf 92' lang='lat' dir='ltr'><strong>non</strong></span> <span class='ocrx_word' id='word_1_128' title='bbox 458 1888 491 1942; x_wconf 89' lang='lat' dir='ltr'><strong>fit</strong></span> <span class='ocrx_word' id='word_1_129' title='bbox 507 1887 617 1942; x_wconf 78' lang='lat' dir='ltr'><strong>iniuria.</strong></span> 
     </span>
     <span class='ocr_line' id='line_1_19' title="bbox 252 1971 1072 2042; baseline 0.002 -16"><span class='ocrx_word' id='word_1_130' title='bbox 252 1971 359 2027; x_wconf 87' lang='lat' dir='ltr'><strong>Scienti</strong></span> <span class='ocrx_word' id='word_1_131' title='bbox 377 1976 407 2028; x_wconf 90' lang='lat' dir='ltr'><strong>et</strong></span> <span class='ocrx_word' id='word_1_132' title='bbox 425 1973 615 2028; x_wconf 83' lang='lat' dir='ltr'><strong>consentienti</strong></span> <span class='ocrx_word' id='word_1_133' title='bbox 633 1991 691 2027; x_wconf 90' lang='lat' dir='ltr'><strong>non</strong></span> <span class='ocrx_word' id='word_1_134' title='bbox 709 1975 765 2029; x_wconf 91' lang='lat' dir='ltr'><strong>fit&#39;</strong></span> <span class='ocrx_word' id='word_1_135' title='bbox 757 1974 860 2028; x_wconf 81' lang='lat' dir='ltr'><strong>miuria</strong></span> <span class='ocrx_word' id='word_1_136' title='bbox 873 1991 965 2042; x_wconf 85' lang='lat' dir='ltr'><strong>neque</strong></span> <span class='ocrx_word' id='word_1_137' title='bbox 980 1973 1072 2028; x_wconf 88' lang='lat' dir='ltr'><strong>dolus</strong></span> 
     </span>
     <span class='ocr_line' id='line_1_20' title="bbox 607 2061 1034 2123; baseline 0 -11"><span class='ocrx_word' id='word_1_138' title='bbox 607 2061 1034 2123; x_wconf 56' lang='lat' dir='ltr'><strong>c.waeRme5,w.</strong></span> 
     </span>
     <span class='ocr_line' id='line_1_21' title="bbox 251 2143 1071 2201; baseline 0 -5"><span class='ocrx_word' id='word_1_139' title='bbox 251 2143 322 2198; x_wconf 85' lang='lat' dir='ltr'><strong>Iuris</strong></span> <span class='ocrx_word' id='word_1_140' title='bbox 347 2145 475 2198; x_wconf 83' lang='lat' dir='ltr'><strong>executio</strong></span> <span class='ocrx_word' id='word_1_141' title='bbox 499 2145 1071 2201; x_wconf 74' lang='lat' dir='ltr'><strong>nonhabet1niuriam.U1n²14nus:l</strong></span> 
     </span>
     <span class='ocr_line' id='line_1_22' title="bbox 585 2233 1035 2300; baseline 0.005 -16"><span class='ocrx_word' id='word_1_142' title='bbox 585 2239 615 2284; x_wconf 86' lang='lat'><strong>13</strong></span> <span class='ocrx_word' id='word_1_143' title='bbox 634 2233 650 2300; x_wconf 65' lang='grc' dir='ltr'><strong>ἕ</strong></span> <span class='ocrx_word' id='word_1_144' title='bbox 671 2240 682 2286; x_wconf 93' lang='lat' dir='ltr'>l</span> <span class='ocrx_word' id='word_1_145' title='bbox 703 2233 736 2285; x_wconf 78' lang='grc' dir='ltr'><strong>Β.</strong></span> <span class='ocrx_word' id='word_1_146' title='bbox 755 2235 974 2298; x_wconf 76' lang='lat' dir='ltr'><strong>de&#39;mjcriis47‚</strong></span> <span class='ocrx_word' id='word_1_147' title='bbox 994 2239 1035 2286; x_wconf 87' lang='lat'><strong>10</strong></span> 
     </span>
     <span class='ocr_line' id='line_1_23' title="bbox 253 2313 939 2380; baseline 0.004 -12"><span class='ocrx_word' id='word_1_148' title='bbox 253 2313 306 2380; x_wconf 83' lang='lat' dir='ltr'><strong>Qui</strong></span> <span class='ocrx_word' id='word_1_149' title='bbox 324 2315 384 2370; x_wconf 88' lang='lat' dir='ltr'><strong>iure</strong></span> <span class='ocrx_word' id='word_1_150' title='bbox 404 2333 462 2370; x_wconf 45' lang='lat' dir='ltr'><strong>suo*</strong></span> <span class='ocrx_word' id='word_1_151' title='bbox 473 2317 570 2380; x_wconf 87' lang='lat' dir='ltr'><strong>utitur,</strong></span> <span class='ocrx_word' id='word_1_152' title='bbox 588 2317 695 2372; x_wconf 87' lang='lat' dir='ltr'><strong>nemini</strong></span> <span class='ocrx_word' id='word_1_153' title='bbox 712 2317 782 2372; x_wconf 84' lang='lat' dir='ltr'><strong>fecit</strong></span> <span class='ocrx_word' id='word_1_154' title='bbox 799 2316 939 2371; x_wconf 76' lang='lat' dir='ltr'><strong>iniuriam.</strong></span> 
     </span>
    </p>
   </div>
   <div class='ocr_carea' id='block_1_3' title="bbox 459 2479 813 2536">
    <p class='ocr_par' dir='ltr' id='par_1_3' title="bbox 459 2479 813 2536">
     <span class='ocr_line' id='line_1_24' title="bbox 459 2479 813 2536; baseline 0 -2"><span class='ocrx_word' id='word_1_155' title='bbox 459 2479 638 2535; x_wconf 83' lang='lat' dir='ltr'><strong>Innocens.</strong></span> <span class='ocrx_word' id='word_1_156' title='bbox 668 2479 813 2536; x_wconf 80' lang='lat' dir='ltr'><strong>Nocens.</strong></span> 
     </span>
    </p>
   </div>
   <div class='ocr_carea' id='block_1_4' title="bbox 200 2587 1074 2867">
    <p class='ocr_par' dir='ltr' id='par_1_4' title="bbox 200 2587 1074 2867">
     <span class='ocr_line' id='line_1_25' title="bbox 252 2587 1070 2659; baseline 0 -18"><span class='ocrx_word' id='word_1_157' title='bbox 252 2587 350 2644; x_wconf 77' lang='lat' dir='ltr'><strong>Latius</strong></span> <span class='ocrx_word' id='word_1_158' title='bbox 378 2593 422 2645; x_wconf 84' lang='lat' dir='ltr'><strong>est</strong></span> <span class='ocrx_word' id='word_1_159' title='bbox 447 2590 620 2659; x_wconf 87' lang='lat' dir='ltr'><strong>impunitum</strong></span> <span class='ocrx_word' id='word_1_160' title='bbox 649 2589 770 2658; x_wconf 87' lang='lat' dir='ltr'><strong>relinqui</strong></span> <span class='ocrx_word' id='word_1_161' title='bbox 799 2590 910 2645; x_wconf 80' lang='lat' dir='ltr'><strong>facinus</strong></span> <span class='ocrx_word' id='word_1_162' title='bbox 940 2588 1070 2643; x_wconf 80' lang='lat' dir='ltr'><strong>nocentis</strong></span> 
     </span>
     <span class='ocr_line' id='line_1_26' title="bbox 200 2675 1074 2744; baseline -0.001 -15"><span class='ocrx_word' id='word_1_163' title='bbox 200 2692 288 2744; x_wconf 83' lang='lat' dir='ltr'><strong>quem</strong></span> <span class='ocrx_word' id='word_1_164' title='bbox 305 2675 486 2731; x_wconf 86' lang='lat' dir='ltr'><strong>innocentem</strong></span> <span class='ocrx_word' id='word_1_165' title='bbox 505 2675 641 2730; x_wconf 78' lang='lat' dir='ltr'><strong>damnari.</strong></span> <span class='ocrx_word' id='word_1_166' title='bbox 670 2675 836 2729; x_wconf 72' lang='lat' dir='ltr'><strong>Unrnnus:</strong></span> <span class='ocrx_word' id='word_1_167' title='bbox 855 2677 873 2729; x_wconf 82' lang='lat'><strong>1.</strong></span> <span class='ocrx_word' id='word_1_168' title='bbox 891 2683 906 2729; x_wconf 80' lang='lat'><strong>5</strong></span> <span class='ocrx_word' id='word_1_169' title='bbox 921 2691 967 2743; x_wconf 82' lang='lat' dir='ltr'><strong>pr.</strong></span> <span class='ocrx_word' id='word_1_170' title='bbox 986 2676 1020 2728; x_wconf 87' lang='lat' dir='ltr'><strong>D.</strong></span> <span class='ocrx_word' id='word_1_171' title='bbox 1039 2677 1074 2728; x_wconf 82' lang='lat' dir='ltr'><strong>de</strong></span> 
     </span>
     <span class='ocr_line' id='line_1_27' title="bbox 803 2763 1035 2867; baseline -0.004 -52"><span class='ocrx_word' id='word_1_172' title='bbox 803 2763 915 2867; x_wconf 62' lang='lat' dir='ltr'><strong>⁸poenis</strong></span> <span class='ocrx_word' id='word_1_173' title='bbox 933 2767 975 2824; x_wconf 87' lang='lat'><strong>48,</strong></span> <span class='ocrx_word' id='word_1_174' title='bbox 995 2766 1035 2814; x_wconf 82' lang='grc'><strong>19.</strong></span> 
     </span>
    </p>
   </div>
   <div class='ocr_carea' id='block_1_5' title="bbox 526 2921 749 2980">
    <p class='ocr_par' dir='ltr' id='par_1_5' title="bbox 526 2921 749 2980">
     <span class='ocr_line' id='line_1_28' title="bbox 526 2921 749 2980; baseline -0.004 0"><span class='ocrx_word' id='word_1_175' title='bbox 526 2925 568 2980; x_wconf 92' lang='lat' dir='ltr'><strong>In</strong></span> <span class='ocrx_word' id='word_1_176' title='bbox 589 2921 749 2979; x_wconf 87' lang='lat' dir='ltr'><strong>solidum.</strong></span> 
     </span>
    </p>
   </div>
   <div class='ocr_carea' id='block_1_6' title="bbox 253 3031 1074 3102">
    <p class='ocr_par' dir='ltr' id='par_1_6' title="bbox 253 3031 1074 3102">
     <span class='ocr_line' id='line_1_29' title="bbox 253 3031 1074 3102; baseline 0 -16"><span class='ocrx_word' id='word_1_177' title='bbox 253 3031 283 3086; x_wconf 83' lang='lat' dir='ltr'><strong>Si</strong></span> <span class='ocrx_word' id='word_1_178' title='bbox 301 3032 356 3088; x_wconf 90' lang='lat' dir='ltr'><strong>duo</strong></span> <span class='ocrx_word' id='word_1_179' title='bbox 370 3034 452 3102; x_wconf 80' lang='lat' dir='ltr'><strong>quasi</strong></span> <span class='ocrx_word' id='word_1_180' title='bbox 465 3035 522 3089; x_wconf 90' lang='lat' dir='ltr'><strong>duo</strong></span> <span class='ocrx_word' id='word_1_181' title='bbox 535 3033 576 3090; x_wconf 87' lang='lat' dir='ltr'><strong>rei</strong></span> <span class='ocrx_word' id='word_1_182' title='bbox 590 3033 827 3099; x_wconf 84' lang='lat' dir='ltr'><strong>constituerimus,</strong></span> <span class='ocrx_word' id='word_1_183' title='bbox 845 3034 890 3088; x_wconf 89' lang='lat' dir='ltr'><strong>vel</strong></span> <span class='ocrx_word' id='word_1_184' title='bbox 904 3050 967 3090; x_wconf 88' lang='lat' dir='ltr'><strong>cum</strong></span> <span class='ocrx_word' id='word_1_185' title='bbox 979 3033 1074 3088; x_wconf 78' lang='lat' dir='ltr'><strong>altero</strong></span> 
     </span>
    </p>
   </div>
   <div class='ocr_carea' id='block_1_7' title="bbox 883 3135 916 3190">
    <p class='ocr_par' dir='ltr' id='par_1_7' title="bbox 883 3135 916 3190">
     <span class='ocr_line' id='line_1_30' title="bbox 883 3135 916 3190; baseline 0 -26"><span class='ocrx_word' id='word_1_186' title='bbox 883 3135 916 3190; x_wconf 63' lang='lat'><strong>5*</strong></span> 
     </span>
    </p>
   </div>
   <div class='ocr_carea' id='block_1_8' title="bbox 0 0 1354 3558">
    <p class='ocr_par' dir='ltr' id='par_1_8' title="bbox 0 0 1354 3558">
     <span class='ocr_line' id='line_1_31' title="bbox 0 0 1354 3558; baseline 0 4"><span class='ocrx_word' id='word_1_187' title='bbox 0 0 1354 3558; x_wconf 95' lang='lat' dir='ltr'><strong> </strong></span> 
     </span>
    </p>
   </div>
  </div>
 </body>
</html>
