2666 3560
633 305 636 310 ¹
668 299 732 364 88

285 457 301 486 ·’
329 467 488 538 Diligenter
504 468 574 522 fines
586 429 715 522 mandati
727 465 905 526 custodiendi
917 468 988 520 sunt.
1011 464 1150 517 Plenus:

710 555 761 606 85
775 568 822 620 pr.
841 553 874 605 D.
893 553 1012 604 mandati
1031 558 1070 612 17,
1092 557 1115 622 l.

330 639 369 702 Ι8,
392 639 441 706 qui
460 637 606 706 exequitur
623 639 800 706 mandatum,
823 654 880 691 uon
903 636 989 691 debet
1012 635 1152 690 excedere

262 724 349 778 zfiues
367 723 501 784 mandati.
538 725 555 792 ξ
574 731 589 779 8
607 725 633 778 J.
651 726 682 776 dc
700 726 822 776 mandato
841 729 924 786 3‚.·27.

330 809 432 864 Aliena
452 810 569 878 negotia
592 808 690 863 exacto
714 795 806 863 officio
829 811 987 878 geruntur.=
1013 808 1039 860 l.
1063 813 1093 858 21
1125 805 1150 859 C.

893 896 1013 946 mandati
1029 901 1053 954 4,
1074 897 1116 945 35.

332 978 624 1050 Impendiamandati
642 979 909 1049 exequendigralia
926 979 1013 1041 facta,
1033 977 1057 1031 si
1074 968 1155 1030 bona

178 1069 181 1116 ἶ
280 1067 334 1122 fide
353 1067 525 1128 factasunt,
552 1065 663 1118 restitui
686 1065 800 1120 omnino
819 1063 937 1127 debent,
964 1079 1019 1126 nec
1036 1062 1074 1116 ad
1092 1078 1154 1115 rem

280 1150 416 1221 pertinet,
440 1150 575 1218 quod-is,
599 1149 648 1217 qui
669 1151 843 1214 mandasset,
866 1149 1023 1221 potuisset
1045 1148 1069 1204 si
1089 1147 1154 1216 ipse

281 1236 563 1307 negotiumgereret,
581 1235 673 1288 miuus
691 1236 864 1306 impendere.
900 1235 1008 1289 GAIUS:
1028 1236 1045 1286 l.
1060 1240 1092 1286 28
1107 1234 1157 1320 §a

846 1323 879 1375 D.
898 1323 1017 1374 mandati
1037 1327 1076 1382 17,
1096 1327 1119 1371 1.
1182 1317 1218 1376 ,’

279 1375 281 1379 v
332 1406 493 1476 Ignoranti·
516 1405 623 1459 domini
646 1407 770 1462 conditio
788 1407 922 1462 deterior
943 1423 994 1475 per
1019 1420 1155 1474 procura-

281 1495 371 1545 torem
389 1491 448 1544 fieri
460 1507 517 1544 non
530 1491 621 1545 debet
648 1492 782 1545 Planus:
801 1495 819 1546 l.
831 1500 864 1546 19
878 1492 911 1545 D.
924 1495 957 1545 dc
965 1507 1080 1558 procur.
1094 1496 1118 1552 3,
1131 1495 1156 1541 3.
1244 1541 1246 1546 .

332 1577 461 1630 Deterior
486 1576 647 1630 mandantis
674 1577 762 1632 causa
787 1593 934 1646 nunquam
959 1575 1028 1632 fiori¹
1049 1576 1157 1644 potest.

529 1662 543 1689 *
561 1661 696 1716 Pauuusr
714 1667 732 1718 l.
751 1671 765 1718 3
779 1680 826 1732 pr.
844 1664 878 1716 D.
897 1664 1018 1715 mandati
1036 1669 1077 1724 17,
1098 1669 1120 1714 ,1.

333 1746 498 1800 Mandatum
515 1763 545 1800 re
564 1748 675 1818 integra
698 1749 804 1803 domiui
821 1751 913 1802 morte
931 1749 1035 1802 finitur.
1073 1747 1103 1799 L.
1125 1752 1168 1798 15ι

854 1837 879 1889 0.
900 1835 1018 1887 mandati
1035 1840 1059 1895 l,
1079 1838 1121 1886 85.
1142 1837 1145 1845 ⁴

243 1973 245 1978 ,
335 1919 501 1972 Mandatum
519 1922 609 1972 morte
628 1919 798 1974 dissolvitur.
825 1921 959 1973 Primus:
979 1921 998 1972 l.
1015 1925 1063 1973 108
1077 1917 1111 1969 D.
1125 1918 1161 1967 dc

935 2006 1078 2064 release,
1098 2009 1123 2055 3.

335 2089 503 2150 Procurator
522 2092 572 2152 est,
592 2090 640 2157 qui
658 2091 750 2145 aliena
767 2090 884 2159 negotia
895 2089 1035 2142 mandatu
1049 2084 1160 2141 domini

286 2173 471 2227 administrat.
506 2169 670 2231 Uuemrrus:
689 2179 706 2228 l.
727 2186 739 2230 1
758 2192 801 2243 pr.
821 2177 854 2228 D.
866 2178 906 2242 ,de
919 2190 1033 2242 procur.
1054 2180 1078 2235 3,
1098 2179 1123 2226 3.

337 2258 441 2314 Verum
462 2255 673 2327 procuratorem
696 2261 825 2329 accipere
848 2260 985 2314 debemus
1009 2275 1088 2320 eum,
1113 2255 1160 2310 oui

286 2342 450 2395 mandatum
473 2346 516 2396 est
536 2344 582 2397 vel
606 2344 765 2412 specialiter
787 2344 833 2399 vel
855 2345 902 2400 cni
924 2343 1054 2400 omnium
1071 2354 1159 2411 nego·
1265 2373 1272 2384 ·

287 2427 390 2480 tiorum
413 2427 617 2482 administratio
640 2430 775 2484 mandata
797 2432 847 2483 888.
883 2430 1053 2484 Uirrium:
1083 2431 1102 2481 l.
1129 2433 1161 2480 12

674 2559 676 2563 .
773 2531 817 2582 pr.
837 2516 869 2567 D.
888 2517 1019 2569 desolat.
1038 2522 1080 2578 46,
1101 2520 1125 2566 3.

286 2617 295 2661 g
340 2595 505 2648 Mandatum
524 2596 646 2666 speciale
665 2600 784 2668 derogat
802 2600 937 2668 generali.

659 2793 777 2848 Mater.

299 2959 302 2968 ,
341 2913 481 2968 Educatio
498 2915 669 2984 pupillorum
763 2919 839 2982 nulli¹
854 2921 946 2989 magis
969 2939 1058 2989 quam
1077 2921 1165 2978 matri

292 3013 388 3052 eorum
407 3001 608 3055 committenda
626 3006 677 3055 est.
700 3005 742 3055 ‘L
765 3015 774 3058 1
800 3007 825 3060 0.
845 3003 890 3058 ubi
901 3009 1006 3074 pupilli
1023 3015 1048 3070 5,
1068 3015 1110 3061 49.
