2634 3556
667 319 709 382 54

305 487 498 542 Fideiussores
523 489 552 540 et
573 485 602 539 in
625 489 738 556 partem
758 483 898 562 pecuniae
918 488 948 540 et
965 485 995 538 in
1012 487 1127 555 partem

253 574 295 630 rei
320 577 397 628 recte
425 572 517 641 accipi
543 574 673 640 possunt.
716 571 906 624 POMPONIUS:
944 573 961 624 6
991 578 1005 625 6
1034 571 1067 624 Β.
1094 572 1127 624 de

779 653 802 716 ,’
841 658 1047 725 ,fidejuss.4o‚
1069 664 1091 709 1.

305 743 467 798 Fideiussor
484 760 542 797 non
559 744 674 797 tenetur
691 742 754 811 ipso
773 741 833 796 iure
845 741 876 795 in
887 740 1025 795 maiorem
1037 757 1126 808 qusn-
1188 735 1195 754 '

253 830 375 894 titatcm,
394 847 480 898 quarn
497 847 561 884 reus
581 827 762 882 condemnari
780 830 884 896 potest.
919 827 1054 880 PAULUS:
1074 827 1091 878 6
1110 834 1126 878 4

753 914 786 966 Β.
806 915 838 966 dc
856 927 985 980 compens
1007 919 1047 974 16,
1067 919 1091 966 6.

304 1000 412 1055 Erroris
435 1000 579 1054 fideiussio
602 999 681 1052 nulla
703 1001 755 1054 est.
790 999 926 1052 Pronus:
954 999 971 1051 6
991 1003 1022 1052 31
1043 999 1076 1055 Β.
1094 999 1127 1050 dc

866 1085 985 1152 fidejuss.
1004 1090 1046 1146 46,
1068 1091 1090 1136 1.

304 1171 367 1226 Non
398 1173 519 1241 possunt
551 1169 695 1224 conveniri
721 1169 900 1224 fideiussores
926 1168 1048 1222 liberato
1075 1183 1125 1222 reo

252 1257 455 1315 transactione
489 1257 623 1309 PAULUS·
643 1259 659 1308 6
679 1261 711 1310 68
731 1256 747 1323 ἐ
767 1263 782 1309 6
801 1256 834 1308 Β.
853 1257 886 1308 dc
900 1256 1021 1323 fidejuss.
1038 1261 1081 1316 46,
1102 1261 1125 1306 1.

305 1343 385 1409 Quod
402 1359 467 1397 reus
485 1340 597 1404 iuravit,
617 1340 704 1394 etiam
721 1340 880 1394 fideiussori
897 1338 1016 1410 proficit.

455 1427 589 1480 PAULUS:
609 1429 625 1479 6
646 1433 678 1480 68
698 1427 714 1494 5
736 1434 748 1479 1
768 1427 801 1480 Β.
820 1428 983 1493 66].ανῳ611
1005 1431 1044 1488 16,
1064 1432 1089 1482 6.

305 1513 376 1568 Cum
393 1530 459 1567 reus
477 1529 585 1572 moram
602 1511 678 1575 fecit,
698 1515 727 1566 et
744 1510 892 1565 fideiussor
909 1513 1032 1565 tenetur.

483 1594 618 1650 Pronus:
638 1599 656 1686 f.
674 1605 707 1651 64
725 1597 742 1665 ξ
763 1606 776 1650 1
796 1597 829 1649 Β.
847 1598 880 1649 dc
897 1598 987 1648 usuris
1006 1603 1047 1658 66,
1068 1603 1091 1650 1

303 1683 384 1737 Mora
400 1683 442 1738 rei
459 1682 619 1737 fideiussori
637 1699 749 1750 quoque
768 1685 861 1735 nocet.
841 1681 1030 1735 trPnunUs
1055 1683 1107 1736 68
1091 1687 1125 1736 88

800 1767 833 1820 Β.
852 1769 885 1820 dc
908 1768 935 1822 V.
959 1768 987 1820 0
1006 1774 1090 1829 45,1.

303 1853 437 1908 Debitore
455 1853 576 1907 liberato
594 1870 645 1922 per
662 1851 880 1920 consequentias
893 1853 1042 1906 fideiussor
1055 1868 1126 1920 quo-

252 1957 308 2010 quc
336 1939 494 1994 dimittitur.
533 1939 732 1991 PAPIMANUS:
763 1941 779 1990 6
802 1946 832 1992 19
856 1938 889 1994 Β.
912 1941 945 1991 dc
967 1940 1026 1990 dolo
1050 1939 1123 1990 malo

1022 2031 1046 2085 4,
1067 2029 1090 2076 3.

257 2175 259 2178 Ι
302 2109 475 2174 Fideiussor,
500 2112 656 2177 antequam
677 2125 740 2163 reus
765 2109 881 2182 debeat,
905 2107 1049 2162 conveniri
1066 2125 1127 2162 non
1179 2171 1183 2178 ⁵

250 2198 356 2265 potest.
392 2195 561 2248 somvorn:
581 2197 596 2247 6
617 2202 648 2250 57
669 2196 701 2248 Β.
720 2197 753 2248 dc
767 2195 887 2262 fidejuss.
907 2202 949 2256 46,
969 2203 991 2248 1.

303 2280 406 2334 Omnes
420 2280 609 2349 exceptiones,
629 2297 701 2348 quse
715 2297 763 2334 reo
778 2283 951 2349 competunt,
964 2278 1126 2332 fideiussori

228 2385 229 2390 ¹
251 2383 365 2435 quoque
393 2366 480 2418 etiarn
506 2365 595 2420 invito
622 2383 683 2429 reo,
715 2367 888 2434 competunt.
931 2364 1124 2418 amonius:

689 2453 756 2505 619
777 2451 809 2508 Β.
829 2453 862 2503 de
880 2456 985 2517 except.
1004 2457 1044 2511 44,
1067 2459 1089 2503 1.

302 2529 488 2591 Fideiussoris
506 2537 587 2590 heres
607 2536 735 2605 exemplo
753 2535 794 2590 rei
811 2534 977 2605 principalis
1001 2529 1124 2588 tenetur.

669 2623 699 2676 L.
718 2629 751 2676 64
773 2623 797 2674 Β.
817 2624 850 2674 de
864 2623 984 2689 fidejusc.
1003 2627 1027 2683 8,
1046 2628 1088 2674 41.

301 2709 355 2762 Pro
373 2707 536 2762 fideiussore
555 2706 748 2762 fideiussorem
766 2707 859 2777 accipi
876 2723 1055 2774 nequaquam
1074 2705 1124 2760 du-

250 2793 329 2848 bium
348 2797 397 2848 est.
432 2793 599 2846 ULPLANUS:
619 2796 670 2848 68
690 2795 706 2861 5
728 2800 758 2850 16
778 2793 810 2847 Β.
830 2796 862 2846 de
876 2795 997 2860 fidejuss.
1016 2799 1058 2855 46,
1079 2800 1101 2845 1.

303 2879 380 2934 sil
349 2898 368 2948 p
382 2897 444 2933 ures
464 2879 521 2932 sint
538 2878 725 2941 fideiussores,
745 2880 886 2946 quotquot
903 2881 986 2932 erunt
997 2893 1124 2941 numam,

250 2965 380 3036 singuli
371 2983 402 3020 in
420 2965 542 3019 solidum
559 2967 658 3020 tenent
659 2983 700 3028 ur,
718 2965 770 3033 45
807 2965 831 3019 J.
850 2966 883 3018 dc
898 2965 1018 3032 fidejm
1039 2969 1062 3025 3,
1082 2969 1124 3016 61.
