2666 3560
577 259 637 322 109

357 495 361 518 ι
429 469 545 525 Pontio
567 467 782 525 hereditaria.

226 597 421 653 Exheredatus
433 601 546 667 partem
558 597 626 651 facit
639 596 676 650 ad
687 594 877 657 minuendam,
890 609 1039 649 numerum

173 685 246 740 facit
263 685 301 739 ad
319 683 481 753 augendam
498 682 663 752 legitimam.

226 770 324 824 Portio
343 786 453 838 semper
471 785 535 822 cum
554 785 605 822 suo
625 784 709 822 onere
729 765 874 821 accrescit.

227 857 326 911 Portio
344 854 471 925 portioni
489 855 635 910 accrescit.

229 942 358 1008 Quatuor
374 943 425 995 aut
441 941 516 994 infra
533 941 609 994 natis
629 940 699 994 <lant
715 939 779 993 iura
797 939 937 994 trientem.

228 1028 285 1082 Sed
303 1028 373 1082 dant
391 1027 535 1081 semissem
552 1025 657 1090 liberis,
678 1025 701 1079 si
720 1025 844 1094 quinque
862 1025 909 1079 vel
927 1025 1011 1078 ultra.

520 1220 704 1278 Possessio.

228 1351 375 1406 Possessio
393 1350 547 1421 plurimum
559 1349 628 1404 facti
639 1349 734 1404 habet.
766 1349 965 1401 Pmnmuus:
983 1350 1000 1400 Ι.
1015 1356 1046 1404 19

583 1436 700 1502 116616.
720 1451 757 1488 666
775 1451 845 1488 caus.
864 1438 924 1502 maj.
942 1443 968 1498 4,
988 1441 1012 1489 6.

220 1522 377 1576 'Possessio
395 1537 453 1576 non
472 1524 516 1576 est
532 1521 611 1585 iuris,
631 1520 680 1574 sed
698 1520 775 1575 facti.

229 1607 376 1662 Possessio
398 1625 456 1662 non
477 1608 590 1662 tantum
614 1606 750 1676 corporis,
779 1606 829 1660 sed
851 1608 881 1659 et
901 1605 969 1660 iuris
997 1608 1049 1661 est.

179 1694 380 1748 Pmmmsus:
400 1697 416 1746 1.
435 1701 467 1748 49
487 1694 504 1761 ᾖ
525 1702 537 1747 1
558 1695 591 1746 I).
603 1696 636 1746 de
653 1695 752 1758 acquir.
771 1694 812 1745 vel
824 1709 872 1744 am.
881 1707 956 1759 porr.
968 1699 1010 1756 41,
1024 1699 1048 1746 2.

232 1779 378 1834 Possessio
398 1778 558 1834 defenditur
576 1777 720 1832 adinstar
737 1777 814 1832 iuris.

232 1864 309 1918 Nihil
328 1881 475 1918 commune
493 1863 583 1917 habet
599 1863 757 1932 proprietas
777 1880 842 1916 cum
858 1861 1049 1932 possessione.

179 1949 348 2004 casurus:
375 1953 392 2004 I.
413 1959 444 2004 12
463 1952 480 2018 ξ
501 1959 514 2004 1
534 1951 566 2005 D.
585 1951 794 2016 decoquam
812 1966 860 2002 cnr.
874 1965 949 2017 poss.
967 1957 1009 2011 41,
1024 1956 1049 2002 2.

233 2037 302 2090 Orta
318 2034 501 2106 proprietatis
520 2039 549 2090 61
566 2035 753 2105 possessionis
772 2034 822 2089 lite
839 2034 917 2104 prius
936 2051 1049 2104 posses-

177 2120 267 2176 sionis
286 2121 415 2191 quaestio
435 2120 592 2175 decidenda
612 2124 662 2175 est.

233 2206 318 2262 Side
342 2206 371 2260 vi
393 2209 423 2260 et
443 2205 626 2276 possessione
650 2209 814 2275 quaeratur,
837 2205 914 2275 prius
944 2222 1049 2276 cogno·

178 2291 317 2347 scendum
335 2296 380 2347 est
397 2293 432 2347 de
450 2291 479 2345 vi
497 2309 582 2361 quam
601 2292 636 2346 de
655 2292 829 2362 proprietate
847 2292 896 2346 rei.

371 2377 613 2432 Cmnrsrsarus:
631 2380 647 2430 l.
667 2385 698 2432 37
719 2379 751 2431 D.
770 2381 802 2432 de
812 2382 925 2445 judiciis
944 2385 967 2441 5,
990 2387 1012 2432 1.

233 2463 376 2518 Possideri
393 2505 400 2517 .
419 2504 425 2516 .
445 2505 452 2518 .
471 2504 477 2517 .
494 2466 624 2533 possunt,
643 2480 715 2530 quae
734 2465 800 2516 sunt
818 2464 984 2533 corporalia.

209 2549 343 2602 Petinus:
363 2552 379 2603 l.
398 2558 474 2616 3pr.
493 2551 524 2602 D.
544 2552 576 2603 de
595 2552 694 2616 acquir.
712 2551 907 2617 6616666666.
925 2557 966 2610 41,
987 2557 1013 2602 2.

233 2635 493 2705 Incertampartem
501 2634 647 2704 possidere
657 2637 850 2703 nemopotest.
860 2635 1053 2688 Ponfforsms:

567 2723 583 2773 l.
603 2727 635 2774 32
655 2721 671 2788 ἓ
691 2728 706 2774 2
725 2722 913 2788 11666666.
931 2730 972 2783 41,
993 2727 1017 2774 3.

233 2806 332 2861 Plures
351 2806 471 2860 eandem
488 2823 549 2861 rem
566 2806 596 2858 in
614 2805 736 2859 solidum
752 2805 897 2874 possidere
916 2822 973 2859 non
984 2823 1050 2874 pos-

180 2893 258 2945 sunt.
288 2891 420 2944 Pincus:
440 2894 457 2946 l.
477 2901 491 2947 3
506 2893 523 2960 ᾖ
543 2901 556 2944 a
570 2893 604 2945 Ι).
616 2893 649 2944 de
661 2893 760 2957 acquir.
772 2893 814 2944 vel
826 2907 875 2946 cm.
885 2907 957 2957 pore.
970 2899 1013 2953 41,
1027 2898 1051 2944 2.

234 2976 424 3056 Adipiscimur
440 2976 652 3046 possessionem
670 2993 786 3045 corpore
805 2979 834 3031 et
851 2975 945 3030 animo
958 2992 1052 3044 neque
