2666 3560
668 348 729 410 146

553 557 685 612 Tutela.
723 557 838 611 ¹Putor.

313 651 417 742 Tutela
443 668 488 721 est
512 665 555 720 vis
583 684 616 720 ao
642 669 772 735 potestas
799 665 830 718 in
857 664 950 734 eapite
976 663 1065 718 libero
1093 664 1135 718 ad

261 751 398 807 tuendum
422 767 500 814 eum,
523 750 572 819 qui
593 754 710 820 propter
732 753 856 806 aetatem
879 768 959 804 suam
978 753 1078 818 sponte
1098 765 1132 802 se

262 837 412 891 defendere
431 835 538 904 nequit.
564 837 697 889 Pronus:
717 839 734 890 l.
756 847 766 890 1
782 853 829 903 pr.
847 837 880 888 Ι).
894 839 926 889 de
944 837 1034 888 tutelis
1051 841 1092 897 26,
1108 843 1132 888 1.

314 921 402 976 Tutor
419 938 566 991 personae,
585 938 642 992 non
659 921 701 975 rei
719 922 765 975 vel
784 937 887 975 causae
907 921 997 974 datur.

465 1008 655 1060 Mnuomuus:
677 1009 693 1060 l.
715 1015 746 1061 14
765 1008 797 1060 D.
816 1009 849 1059 de
866 1011 924 1059 test.
943 1011 990 1058 tut.
1010 1013 1051 1069 26,
1071 1014 1094 1060 2.

315 1091 427 1147 Tutoris
448 1092 635 1161 praecipuum
657 1091 781 1146 officium
805 1095 861 1154 est,
887 1107 923 1144 ne
950 1091 1133 1145 indefensum

263 1177 402 1246 pupillum
420 1177 571 1245 relinquat.
600 1177 795 1229 MARCELLUS:
815 1180 831 1230 l.
845 1177 923 1231 301).
937 1179 969 1229 de
982 1178 1133 1228 administr.

945 1267 992 1314 tut.
1011 1269 1052 1324 26,
1073 1270 1094 1314 7.

316 1347 406 1400 Tutor
432 1363 489 1400 non
515 1347 599 1400 rebus
628 1345 777 1410 duntaxat,
809 1347 859 1400 sed
890 1345 977 1400 etiam
1004 1347 1134 1400 moribus

263 1431 365 1500 pupilli
382 1431 572 1500 praeponitur.
590 1433 724 1486 Pnuuus:
755 1436 771 1486 l.
786 1440 816 1486 12
831 1434 848 1500 ἕ
862 1433 922 1491 3D.
936 1435 969 1484 de
981 1433 1131 1484 administr.

943 1522 990 1569 tut.
1010 1524 1051 1580 26,
1072 1525 1094 1570 7.

317 1600 406 1655 Tutor
422 1602 545 1656 incertus
563 1602 623 1656 dari
641 1621 699 1658 non
716 1606 821 1673 potest.
846 1603 981 1655 Pronus:
1000 1604 1016 1654 l.
1036 1609 1069 1656 20
1082 1618 1134 1669 pr.

768 1690 799 1742 D.
818 1691 851 1741 de
867 1693 926 1740 test.
944 1693 992 1740 tut.
1011 1694 1052 1749 26,
1072 1695 1095 1740 2.

315 1769 406 1824 Datus
419 1773 513 1826 autem
525 1775 604 1826 tutor
615 1774 651 1826 ad
663 1773 825 1827 universum
835 1773 1038 1841 patrimonium
1047 1771 1137 1824 datus

266 1872 327 1909 esse
348 1855 477 1910 ereditur.
514 1857 530 1923 ἓ
551 1865 581 1910 17
600 1858 625 1910 J.
644 1861 676 1910 de
694 1874 785 1911 excas.
804 1863 850 1910 tut.
862 1859 894 1919 '1‚
914 1864 954 1912 25.

316 1939 440 1993 Habenti
457 1942 579 1994 tutorem
597 1943 674 1996 tutor
692 1943 754 1996 dari
771 1959 834 2005 non
845 1943 950 2011 potest.
988 1941 1004 2009 ξ
1024 1947 1039 1995 5
1058 1941 1083 1994 J.
1103 1943 1141 1994 de

909 2031 994 2080 curat.
1016 2035 1038 2087 1,
1058 2033 1100 2078 23.

317 2108 448 2162 Feminae
476 2113 583 2164 tutores
612 2112 672 2166 dari
693 2130 750 2167 non
776 2115 894 2181 possunt
922 2111 1142 2180 [praeterquam

170 2261 173 2268 .
266 2195 358 2247 mater
376 2197 405 2247 et
423 2194 506 2262 avia].
542 2195 708 2249 NERATIUS:
728 2200 745 2249 l.
767 2205 797 2252 18
816 2197 848 2250 l).
868 2199 900 2248 de
918 2198 1008 2248 tutelis
1027 2202 1068 2256 26,
1091 2204 1115 2247 l.

232 2325 234 2330 .
317 2276 445 2347 Pupillus
464 2279 524 2332 sine
542 2282 642 2334 tutoris
661 2281 832 2337 auctoritate
850 2298 906 2333 non
919 2279 1063 2348 obligatur
1074 2279 1141 2333 iure

269 2362 351 2420 civili.
387 2362 517 2416 PAULUS:
537 2366 553 2416 l.
572 2372 604 2418 34
622 2367 655 2419 D.
674 2369 707 2419 de
729 2365 757 2418 O.
776 2371 801 2417 et
818 2367 851 2421 Α.
869 2373 910 2427 44,
931 2374 952 2417 7.

319 2448 458 2502 Iudicium
474 2447 589 2502 infantis
609 2452 756 2520 suppletur
775 2448 944 2503 auctoritate
963 2447 1075 2501 tutoris

332 2534 466 2586 Pnuuus:
485 2536 502 2586 l.
522 2539 553 2586 32
573 2535 589 2601 ἓ
609 2543 622 2588 2
642 2537 675 2589 Ι).
694 2539 727 2588 de
745 2550 817 2600 aequ.
836 2536 876 2586 vel
894 2549 942 2585 um.
956 2548 1031 2599 poss.
1050 2539 1093 2593 41,
1116 2540 1144 2586 2.

320 2618 483 2686 impuberes
511 2617 569 2670 sine
596 2623 689 2674 tutore
714 2621 831 2688 agentes
854 2617 923 2670 nihil
949 2633 1035 2686 posse
1064 2617 1142 2670 seire

269 2701 472 2771 intelliguntur.
507 2702 704 2756 PAPINIANUS:
732 2707 748 2756 l.
770 2710 799 2756 10
818 2703 851 2755 D.
874 2704 906 2754 de
920 2704 946 2766 j.
969 2703 1032 2769 ets.
1052 2703 1144 2766 ipnor.

1016 2792 1057 2846 22,
1079 2793 1105 2838 2.

323 2869 352 2924 Si
362 2871 486 2939 pupillus
499 2888 633 2939 praesens
648 2873 691 2937 sit,
708 2875 832 2926 tutorem
844 2873 940 2924 autem
952 2887 1010 2924 non
1021 2869 1146 2933 habeat,

271 2970 322 3022 pro
341 2955 457 3008 absente
475 2955 622 3009 habendus
642 2960 694 3011 est.
729 2957 892 3010 ULPIANUS:
911 2957 928 3010 l.
948 2963 980 3008 10
997 2955 1031 3006 D.
1044 2951 1148 3019 quibus·

872 3055 908 3092 ex
927 3055 997 3091 caus.
1016 3045 1058 3100 42,
1078 3046 1105 3090 4.
