2698 3558
607 336 647 401 w

189 515 194 526 ·
245 504 278 559 In
295 503 381 558 alieni
397 503 467 558 facti
484 503 645 574 ignorantia
662 504 820 559 tolerabilis
840 521 918 561 error
936 509 987 561 est.

414 588 582 642 Nummus:
602 591 777 658 l.5§1D.
791 605 845 659 pro
863 607 910 644 suo
929 599 969 655 41,
992 599 1031 647 10.

243 674 345 730 Errore
369 675 473 729 veritas
552 692 611 729 non
634 675 782 730 amittitur.
819 675 985 730 Unrmxus:
1013 680 1030 731 l.
1050 685 1065 733 6

606 776 653 829 pr.
674 762 707 817 D.
725 763 762 814 ud
778 764 927 830 municipat
947 771 988 826 50,
1009 772 1030 817 1.

160 869 166 876 ·
244 845 357 900 Veritas
375 863 468 901 rerum
487 846 628 902 erroribus
647 849 793 915 gestarum
811 863 869 902 non
888 847 1014 902 vitiatur.

318 931 483 992 Unrmuus:
503 935 520 988 I.
539 939 554 986 6
574 933 591 1002 g
612 941 624 986 1
645 933 678 986 Ι).
696 935 729 986 dc
746 930 819 1001 offic.
834 949 927 1000 praes.
948 942 970 996 1,
991 942 1030 990 18.

156 1025 159 1031 '
244 1016 329 1071 Nulla
351 1019 482 1073 voluntas
499 1017 624 1072 errantis
644 1021 696 1072 est.
731 1017 917 1071 POMPONIUS:
945 1021 962 1075 I.
981 1026 1014 1074 20
1034 1020 1066 1075 Ι).

808 1106 1030 1171 despumat.
1081 1169 1083 1173 ,

245 1188 308 1242 Non
330 1188 473 1253 videntur,
497 1187 545 1257 qui
564 1193 670 1252 errant,
694 1189 862 1244 consentire.
898 1189 1066 1243 Unrmuus:

460 1283 461 1287 ¹
557 1275 1033 1344 mmwnmanmm

244 1358 329 1414 Error
347 1359 422 1413 enim
439 1359 617 1430 litigatorum
635 1377 692 1414 non
710 1361 798 1416 habet
817 1376 994 1414 consensum.

420 1445 586 1498 Unrmuus:
606 1448 622 1498 l.
642 1453 656 1498 2
670 1461 718 1514 pr.
737 1446 769 1499 D.
788 1448 821 1499 de
831 1448 945 1512 judiciis
964 1454 988 1512 5,
1009 1454 1031 1500 l.

246 1530 300 1596 Qui
317 1533 415 1601 potest
432 1530 528 1584 invitis
549 1530 686 1594 alienare,
709 1530 810 1585 multo·
824 1530 915 1600 magis
941 1534 970 1584 et
987 1529 1066 1600 igno-

191 1616 322 1671 rantibus
343 1619 372 1671 et
390 1616 556 1671 absentibus
574 1619 679 1685 potest.
716 1616 882 1669 Uannius:
901 1619 970 1679 1.,26
990 1618 1021 1672 I).
1036 1620 1068 1671 de

838 1701 1033 1764 R.J.50,1s.

165 1851 169 1858 ¹
248 1786 440 1842 Praesumitur
457 1785 627 1857 ignorantia,
646 1787 696 1842 ubi
708 1786 828 1840 scientia
847 1804 904 1842 non
922 1788 1068 1856 probatur.

600 1874 1034 1936 cMmRmeam

247 1959 325 2024 Quae
343 1958 457 2028 publice
476 1958 555 2023 fiunt,
574 1957 645 2014 nulli
662 1958 731 2013 licet
747 1957 887 2028 ignorare.

540 2069 727 2172 Exceptio.¹

158 2241 161 2250 «
246 2212 385 2284 Exceptio
404 2213 482 2269 dicta
501 2217 545 2268 ert
562 2214 644 2283 quasi
669 2215 811 2282 quaedam
834 2215 971 2278 exclusio,
996 2232 1069 2283 quae

195 2301 302 2370 opponi
321 2299 427 2354 actioni
445 2299 582 2369 cuiusque
600 2299 642 2354 rei
660 2302 734 2355 solet
752 2300 789 2354 ad
806 2300 1014 2355 excludendum
1030 2300 1068 2364 id,

195 2385 273 2454 quod
291 2384 321 2438 in
338 2385 526 2440 intentionem
539 2384 840 2440 condemnationemve
853 2385 1002 2440 inductum
1017 2390 1068 2440 est.

466 2469 632 2523 Unnmuus:
652 2473 669 2524 l.
689 2478 704 2525 2
724 2472 757 2524 D.
775 2473 808 2525 de
826 2477 931 2539 except.
950 2479 992 2534 44,
1013 2479 1034 2526 1.

246 2554 435 2625 Exceptiones
466 2559 623 2626 perpetuae
654 2559 740 2624 atque
769 2555 959 2625 peremtorias
996 2558 1069 2619 sunt,

195 2657 269 2709 quae
295 2657 405 2710 semper
427 2641 521 2696 locum
544 2641 653 2696 habent
679 2658 732 2696 nec
756 2641 857 2696 evitari
879 2644 1013 2711 possunt;
1037 2672 1069 2681 -

195 2727 368 2795 temporales
393 2729 478 2795 atque
502 2727 651 2783 dilatoriae
675 2731 753 2791 sunt,
778 2744 851 2795 quae
875 2745 932 2780 non
956 2743 1069 2796 semper

195 2813 290 2866 locum
307 2811 422 2876 habent,
442 2813 493 2867 sed
511 2812 612 2868 evitari
628 2816 758 2883 possunt.
795 2812 902 2866 GAIUs:
922 2814 939 2866 l.
958 2819 972 2866 3
992 2813 1025 2866 D.
1037 2814 1070 2864 de

827 2904 931 2966 except.
950 2906 992 2960 44,
1013 2905 1034 2950 1.

211 2988 214 2994 ’
247 2981 406 3052 Perpetuae
440 2987 526 3052 atque
557 2983 746 3053 peremtoriae
782 2983 963 3052 exceptiones
995 2986 1068 3046 sunt,

196 3083 270 3135 quae
294 3084 405 3138 semper
423 3069 578 3139 ¹agentibus
602 3070 719 3136 obstant
742 3073 772 3125 ct
800 3085 911 3137 semper
933 3085 1005 3131 rem,
1034 3067 1069 3122 de

883 3179 899 3224 4
