2698 3558
692 303 734 368 30

330 470 498 525 Contractus
516 470 675 539 imaginarii
752 468 820 523 iuris
838 469 981 523 vinculum
1001 486 1058 524 non
1074 471 1150 540 obti-

278 560 354 620 nent
373 573 438 610 onm
455 555 524 610 fides
541 555 610 610 sacti
628 556 774 609 simulatur
791 571 847 609 non
864 555 1059 612 intercedente
1076 558 1149 612 veri-

279 645 347 696 late.
382 642 590 696 norissimus:
609 637 625 694 t
645 649 678 695 54
696 639 729 693 D.
747 642 779 694 de
801 641 830 694 0.
849 646 875 693 et
891 643 924 694 Α.
943 649 985 705 44,
1005 650 1027 696 7.

332 727 360 780 Si
383 725 565 795 impossibilis
589 725 715 780 oonditio
743 725 963 795 obligationibus
990 725 1151 791 adiiciatrr,

278 812 350 864 nihil
368 812 445 866 valet
463 811 617 881 stipulatio.
653 811 670 880 ξ
690 819 720 865 11
740 811 807 864 Jde
826 808 908 866 inunt
927 809 1015 879 stiptul.
1034 820 1057 876 3,
1077 819 1118 868 20.

331 897 360 952 Si
387 896 488 967 flagitii
513 897 637 951 faciendi
664 897 709 951 vel
736 896 805 951 faeti
832 913 916 950 causa
943 890 1097 968 oonoepta'
1112 899 1150 954 sit

279 982 434 1051 stipulatio,
453 983 488 1036 ab
507 981 588 1036 initio
606 999 664 1036 non
681 982 764 1036 valet
794 982 992 1035 PAPINIANUS:
1010 980 1027 1038 t.
1047 987 1152 1039 1231).

874 1069 1113 1132 ababa

330 1151 426 1216 Pacta,
445 1169 518 1222 quae
537 1156 636 1206 eontra
646 1152 725 1222 leges
738 1153 1010 1223 constitutionesque
1023 1157 1069 1210 vel
1082 1173 1149 1210 oon-

278 1241 322 1292 tra
342 1239 433 1294 bonos
454 1255 546 1294 mores
568 1237 649 1300 liunt,
673 1238 780 1291 nullam
798 1239 854 1292 vim
872 1239 977 1294 habere
995 1240 1150 1296 indubitati

277 1323 346 1377 iun's
365 1327 416 1378 est.
453 1326 482 1378 b.
501 1332 516 1380 6
538 1325 563 1376 0.
582 1327 614 1376 de
629 1326 718 1390 pactis
735 1329 759 1388 2,
777 1332 802 1378 3.

330 1409 506 1464 Generaliter
531 1408 660 1462 novimus
689 1412 786 1478 turpes
817 1409 1013 1478 stipulationes
1043 1411 1152 1466 nullius

278 1511 340 1548 esse
358 1493 503 1548 momenti.
538 1494 702 1547 ULPIANUS:
721 1491 738 1550 l.
757 1499 789 1548 26
808 1494 841 1548 Ι).
859 1497 892 1548 de
915 1495 942 1550 V.
966 1497 994 1550 Ο.
1012 1503 1054 1561 45,
1074 1506 1097 1552 1.

331 1580 384 1644 Qui
401 1579 479 1633 iussu
497 1577 612 1632 alterius
632 1596 695 1632 oum
717 1579 811 1647 aliquo
835 1581 989 1640 contrahit.
1013 1582 1149 1651 quodam·

278 1665 364 1718 modo
388 1681 452 1718 curn
475 1680 509 1717 eo
532 1663 686 1728 contrahit,
708 1664 757 1732 qui
778 1663 872 1726 iubet,
894 1664 962 1718 dum
983 1666 1068 1722 fidem
1087 1667 1153 1722 eius

280 1752 414 1818 sequitur.

330 1834 524 1889 (lentissimum
543 1838 587 1888 est
604 1852 638 1889 ex
656 1835 771 1888 alterius
785 1838 932 1890 contractu
944 1835 1086 1890 neminem
1099 1835 1149 1889 ob·

278 1921 370 1989 ligari.
407 1921 436 1974 l.
455 1927 470 1974 3
493 1921 518 1974 0.
537 1937 570 1974 ne
587 1936 659 1973 uxor
673 1936 727 1988 pro
745 1924 840 1974 morito
858 1929 883 1985 4,
903 1929 943 1975 12.

330 2005 540 2060 Circumvenire
564 2022 594 2060 se
616 2005 739 2060 invicem
760 2005 927 2060 naturaliter
940 1992 1016 2061 'lieet
1039 2009 1151 2061 eontra·

278 2090 419 2144 bentibus.

602 2250 826 2308 contrarium.

330 2381 478 2436 Contraria
496 2381 578 2436 simul
596 2395 657 2434 esse
675 2397 733 2434 non
750 2383 876 2448 possunt.

306 2471 308 2484 '
331 2465 479 2520 Contrane
496 2465 623 2534 allegans
641 2481 699 2519 non
716 2463 836 2520 auditur.

598 2641 828 2700 contumacia.

331 2755 487 2809 Contumax
506 2758 556 2818 est,
575 2754 624 2822 qui
635 2754 726 2808 tribus
739 2751 839 2806 edictis
851 2751 1020 2821 praepositis
1032 2753 1078 2807 vel
1090 2770 1152 2808 uno

277 2857 329 2912 pro
347 2839 445 2903 tribus,
464 2839 540 2907 quod
556 2839 641 2908 vulgo
659 2836 861 2908 peremtorium
873 2836 1039 2905 appellatur,
1057 2837 1153 2892 literis

279 2927 414 2979 evocatus
430 2923 621 2993 praesentiam
639 2923 682 2976 sui
699 2922 793 2975 lacere
813 2921 976 2976 contemnit.

312 3010 587 3064 Hanuoannrsnus:
606 3011 623 3062 1.
636 3015 668 3064 53
688 3008 732 3076 §1
752 3006 785 3059 D.
802 3007 834 3060 de
847 3022 876 3059 re
886 3008 1011 3072 judicata
1028 3013 1069 3072 42,
1089 3015 1112 3061 1.
