2666 3560
657 315 699 378 94

295 479 348 545 Qui
365 481 395 533 in
413 483 493 535 utero
512 485 566 545 est,
590 482 707 550 pen'nde
731 499 765 536 ac
789 483 813 536 si
830 482 860 535 in
877 481 962 534 rebus
981 478 1116 532 humanis

244 568 331 629 esset,
355 565 524 629 custoditur,
547 566 659 635 quoties
679 567 714 620 de
734 567 889 622 commodis
907 565 997 635 ipsius
1015 567 1117 634 partus

243 650 393 716 quaeritur.
429 651 561 704 Paetus:
580 654 597 705 l.
618 661 631 706 1
652 653 683 706 D.
702 655 735 706 de
751 659 823 706 statu
840 654 907 706 tom.
927 661 950 716 1,
969 658 993 706 5.

294 735 459 790 Nasciturus
477 754 528 806 pro
546 737 604 790 iam
621 741 688 792 nato
706 738 840 802 habetur,
859 737 884 791 si
903 737 938 790 de
958 735 1018 791 eius
1039 751 1116 790 eom-

242 820 327 874 modo
346 820 447 891 agitur.

293 904 456 960 Nasciturus
475 905 537 959 aliis
555 923 613 959 non
630 907 748 975 prodest
765 907 821 961 nisi
838 911 931 962 uatus.
961 909 995 975 cf.
1015 909 1034 958 l.
1054 906 1117 958 71).

783 997 816 1047 de
833 999 905 1046 statu
922 994 989 1048 tom.
1014 1002 1036 1054 1,
1057 999 1080 1045 5.

293 1075 356 1129 Non
374 1079 418 1129 est
434 1075 571 1145 pupillus,
596 1076 692 1143 quiin
710 1081 790 1134 utero
810 1081 862 1132 est.
898 1078 1068 1131 ULPIANUS:
1097 1077 1117 1127 l.

706 1170 752 1217 161
772 1164 806 1217 D.
825 1167 858 1217 de
882 1165 910 1218 V.
929 1163 957 1217 S.
977 1171 1019 1224 50,
1040 1169 1080 1216 16.

292 1245 392 1298 Partus
411 1246 536 1300 nondum
554 1245 647 1300 editus
665 1247 750 1302 homo
768 1266 826 1314 nou
843 1252 921 1302 recte
939 1247 1027 1301 firisse
1047 1245 1117 1298 dici-

242 1331 294 1382 tur.
329 1330 530 1382 Parmmuus:
549 1333 566 1383 l.
586 1337 600 1384 9
620 1332 636 1399 ξ
658 1342 669 1387 1
691 1334 724 1386 D.
743 1337 778 1386 ad
795 1336 845 1401 leq.
864 1335 941 1390 Falc.
960 1339 1001 1395 35,
1022 1339 1045 1386 2.

292 1413 356 1468 Non
369 1415 454 1469 debet
466 1415 612 1469 catamitae
625 1418 722 1471 matris
734 1433 838 1472 nocere
852 1417 886 1481 ei,
906 1416 955 1485 qui
972 1417 1003 1470 in
1015 1419 1118 1470 ventre

242 1500 292 1552 est.
327 1499 517 1552 MARGIANUS:
535 1502 553 1553 l.
573 1508 587 1554 5
607 1503 624 1570 ξ
643 1509 658 1554 2
677 1505 710 1556 Ι).
729 1505 767 1578 (113Υ
779 1508 851 1556 statu
868 1505 934 1557 tom.
956 1512 978 1565 1,
998 1511 1023 1555 5.

619 1663 734 1719 Navis.

294 1765 487 1821 Exercitorem
507 1769 606 1840 [navis]
627 1787 691 1826 eum
709 1773 837 1838 dicimus,
856 1775 893 1827 ad
912 1792 997 1842 quem
1011 1773 1119 1828 obven-

244 1849 335 1905 tiones
363 1853 521 1907 etreditus
545 1871 642 1910 omnes
660 1859 838 1925 perveniunt.
874 1859 1043 1912 ULPmrsus:
1064 1861 1082 1911 l.
1107 1869 1117 1912 1

625 1942 641 2009 ξ
663 1949 693 1996 15
712 1944 745 1996 D.
763 1946 796 1997 de
813 1960 906 2012 exerc.
926 1949 978 2001 act.
998 1952 1039 2006 14,
1062 1952 1083 1996 1.

294 2019 462 2088 Magistrum
479 2022 560 2076 navis
578 2025 706 2095 accipere
726 2028 875 2092 debemus,
896 2028 942 2082 cui
959 2028 1050 2083 totius
1070 2044 1121 2080 na·

244 2103 286 2156 vis
306 2121 373 2157 cura
389 2105 523 2160 mandata
541 2111 592 2161 est.
618 2110 785 2165 ULPmNUS:
805 2115 822 2166 l.
838 2121 851 2167 1
872 2114 1121 2182 §1D.deeaeerc.

922 2203 974 2251 act.
997 2201 1038 2260 14,
1062 2207 1083 2252 1.

576 2337 779 2394 Necessitas.

298 2438 373 2503 Quae
382 2444 499 2510 propter
509 2446 708 2502 necessitatem
720 2453 839 2518 recepta
852 2455 925 2515 sunt,
939 2469 997 2505 non
1011 2451 1124 2506 debent

245 2525 275 2576 in
302 2529 498 2593 argumentum
523 2530 603 2583 trahi.
637 2532 771 2585 PAULUS:
799 2533 816 2589 l.
846 2543 894 2590 162
919 2538 953 2590 D.
978 2539 1012 2590 de
1036 2538 1071 2593 R.
1095 2539 1123 2593 J.

296 2692 384 2747 Nemo
402 2696 432 2747 in
449 2698 665 2754 necessitatibus
683 2700 807 2756 liberalis
827 2704 931 2759 existit.
978 2630 1020 2685 50,
1044 2631 1085 2676 H.

415 2780 619 2836 Mouasumus:
639 2787 655 2837 l.
677 2792 706 2838 18
726 2787 758 2839 D.
777 2790 810 2841 de
828 2792 907 2842 adim.
926 2792 977 2858 leq.
997 2799 1039 2854 34,
1059 2792 1085 2843 4.

297 2860 359 2915 Non
378 2863 453 2916 enim
470 2863 564 2929 donat,
582 2868 631 2934 qui
642 2871 809 2924 necessariis
823 2874 956 2928 oneribus
971 2875 1125 2930 succurrit..

338 2945 502 3001 ULPIANUS:
522 2953 538 3006 l.
552 2959 581 3004 21
593 2969 637 3018 pr.
650 2955 683 3006 Ι).
693 2958 729 3007 -de
741 2959 828 3011 donat.
842 2963 914 3012 inter
925 2977 948 3014 v.
961 2966 988 3013 ct
1000 2979 1026 3013 u.
1040 2967 1084 3024 24,
1101 2971 1124 3015 1.

298 3027 459 3085 Necessitas
477 3050 533 3086 non
551 3034 638 3089 habet
650 3037 752 3106 legem.
