2698 3558
717 285 757 347 64

354 455 383 510 si
402 456 453 509 sub
471 451 642 524 impossibili
661 451 824 506 conditione
843 449 994 518 stipulatus
1018 447 1083 511 sim,
1106 447 1173 501 fide-

302 558 396 616 iussor
414 537 543 594 adhiberi
561 554 620 592 non
637 539 742 606 potest.
769 537 903 590 Faunus:
923 531 940 589 l.
960 541 991 588 29
1010 534 1043 587 D.
1056 535 1089 588 de
1098 534 1174 601 fidej.

1052 626 1095 682 46,
1117 627 1138 672 1.

553 805 724 872 Impubes.
756 799 924 868 Pupillus.

355 952 488 1022 Impubes
508 948 640 1004 omnibus
660 946 760 1002 officiis
780 947 909 1001 civilibus
923 946 1009 1000 debet
1022 943 1174 998 abstinere.

511 1037 678 1090 Uarianos:
696 1031 712 1086 l.
732 1041 747 1088 2
767 1035 783 1102 ᾖ
805 1042 817 1088 1
839 1034 871 1086 Ι).
889 1034 922 1086 de
942 1033 975 1087 R.
993 1030 1018 1084 J.
1038 1037 1078 1092 50,
1099 1038 1138 1085 17.

355 1123 520 1193 impuberes
540 1121 599 1176 sine
617 1124 711 1175 tutore
730 1121 848 1190 agentes
866 1116 938 1172 nihil
949 1133 1035 1186 posse
1050 1115 1121 1169 seire
1133 1114 1175 1168 in·

303 1209 479 1280 telliguntur.
506 1209 705 1263 PAmsIANUS:
723 1203 739 1259 l.
761 1211 792 1260 10
812 1206 844 1258 D.
862 1207 895 1258 de
905 1207 931 1270 j.
948 1201 1006 1268 etsi
1020 1204 1070 1270 ipo.
1090 1208 1131 1264 22,
1152 1209 1175 1256 6.

355 1296 475 1350 Praetor
497 1293 621 1364 parvulis
641 1291 781 1348 subvenit.
816 1292 1006 1346 MARGIANUS:
1034 1287 1050 1342 l.
1070 1295 1102 1343 55
1125 1287 1141 1356 ἓ
1162 1295 1174 1340 1

828 1380 860 1434 D.
880 1380 913 1431 de
927 1380 974 1446 fid.
993 1373 1036 1432 lib.
1055 1384 1097 1439 40,
1117 1383 1139 1430 5.

355 1469 389 1520 In
406 1465 532 1536 parvulis
545 1466 623 1520 nulla
635 1463 857 1534 deprehenditur
869 1465 960 1534 culpa.
984 1464 1176 1518 Maenius:

674 1548 690 1604 l.
710 1559 741 1606 55
760 1552 776 1620 ᾖ
796 1559 808 1605 1
829 1552 861 1606 D.
880 1553 913 1604 de
927 1552 974 1619 fid.
993 1547 1036 1604 let.
1055 1557 1096 1612 40,
1116 1559 1140 1605 5.

357 1638 484 1708 Pupillus
505 1641 559 1700 est,
584 1636 645 1706 qui,
669 1654 734 1692 eum
750 1635 882 1706 impubes
902 1640 959 1699 est,
978 1635 1062 1690 desiit
1078 1635 1109 1689 in
1126 1653 1176 1704 pa-

305 1726 360 1780 tria
377 1727 522 1794 potestate
541 1740 612 1780 esse.
637 1724 820 1777 POMPONIUS:
845 1719 860 1776 l.
880 1729 929 1777 239
943 1738 989 1790 pr.
1009 1723 1042 1775 D.
1055 1724 1087 1774 de
1105 1722 1132 1774 V.
1146 1719 1176 1774 S.

932 1817 935 1824 '
1040 1815 1081 1870 50,
1102 1814 1141 1862 16.

357 1895 421 1950 Non
440 1899 483 1950 est
500 1896 638 1966 pupillus,
662 1895 710 1964 qui
732 1895 762 1949 in
781 1899 861 1950 utero
881 1899 932 1950 est.
968 1894 1133 1948 ULPIANUS:
1160 1897 1176 1946 l.

771 1982 923 2036 161550
946 1982 973 2034 V.
992 1979 1020 2035 S.
1040 1989 1081 2044 50,
1101 1989 1141 2036 16.

356 2064 495 2122 Educatio
513 2067 685 2136 pupillorum
700 2069 770 2122 nulli
783 2067 873 2137 magis
886 2085 972 2137 quam
984 2067 1068 2121 matri
1080 2084 1178 2122 eorum

384 2154 587 2209 committenda
606 2158 656 2208 est.
693 2155 723 2211 L.
743 2163 756 2208 1
779 2155 946 2221 0051000.
965 2155 1038 2208 educ.
1058 2160 1082 2215 5,
1100 2159 1141 2206 49.

286 2290 289 2293 .
357 2239 485 2308 Pupillus
504 2240 564 2294 sine
582 2239 683 2294 tutoris
701 2227 871 2294 auctoritate
889 2256 947 2292 non
964 2238 1106 2307 obligatur
1117 2238 1177 2292 iure

308 2325 391 2380 civili.
427 2325 560 2378 PAUnUs:
579 2322 699 2380 1431).
718 2327 751 2378 de
773 2325 801 2379 0.
820 2330 846 2378 et
863 2326 896 2377 Α.
915 2331 957 2388 44,
978 2333 1001 2378 7.

358 2410 387 2464 Si
405 2411 528 2480 pupillus
541 2426 675 2481 praesens
688 2410 734 2472 sit,
751 2413 874 2464 tutorem
887 2411 981 2464 autem
993 2426 1051 2463 non
1062 2409 1176 2472 habeat,

306 2513 358 2564 pro
381 2496 498 2550 absente
520 2496 666 2551 habendus
691 2499 741 2550 est.
776 2484 941 2548 ULPIANUS:
965 2493 981 2550 l.
1008 2492 1177 2562 10110015.

779 2598 815 2634 esc
833 2597 905 2638 cous.
924 2584 951 2634 iu
967 2597 1039 2649 poss.
1058 2588 1100 2643 41,
1119 2589 1143 2635 4.

359 2667 470 2736 Pupilla
490 2667 562 2721 solvi
580 2667 640 2720 sine
658 2666 759 2721 tutoris
778 2666 949 2721 auctoritate
968 2683 1026 2721 uon
1043 2669 1147 2736 potest.

626 2752 760 2824 Pisonos:
779 2754 796 2804 1.
811 2760 842 2807 15
861 2753 894 2806 D.
913 2755 945 2806 de
963 2751 1039 2806 solut.
1058 2759 1099 2815 46,
1120 2759 1144 2806 3.

277 2901 309 2917 ,.
359 2837 505 2892 Meliorem
528 2837 719 2893 conditionem
743 2855 822 2892 suam
843 2838 938 2892 faeere
959 2839 1067 2908 pupillo
1091 2839 1179 2893 etiam

307 2923 368 2976 sine
387 2919 489 2977 tutoris
508 2922 677 2978 auctoritate
702 2939 869 2979 eoncessum
892 2928 944 2978 est.
980 2923 1086 2978 Galus:
1109 2921 1126 2977 l.
1146 2931 1178 2980 28

854 3010 887 3062 D.
906 3011 1041 3076 depactis
1059 3017 1083 3072 2,
1104 3018 1143 3063 14.
