2666 3560
732 323 794 386 144

331 494 428 548 mento
446 491 528 547 testis
547 506 609 545 esse
627 505 685 544 non
702 492 806 559 potest.
842 489 1009 545 ULPMUS:
1028 495 1045 546 1.
1065 499 1097 548 20
1107 509 1152 562 pr.
1167 495 1199 548 D.

826 579 872 643 qui
889 581 992 634 testum.
1007 581 1063 646 soc.
1081 585 1121 642 28,
1143 587 1165 634 1.

664 737 868 793 Thesaurus.

383 850 545 905 Thesaurus
564 852 609 904 est
624 853 707 903 votus
725 848 866 917 quaedam
889 849 1032 919 depositio
1055 853 1200 920 pecuniae,

333 937 411 994 ouius
423 954 481 991 non
493 939 586 990 exstet
597 935 741 998 memoris,
753 935 852 990 utiam
861 935 1007 990 dominum
1019 954 1078 991 non
1089 937 1201 994 habeat.

417 1023 550 1077 Pronus:
568 1025 586 1076 1.
606 1029 636 1076 ³1
657 1022 674 1090 5
695 1030 707 1076 1
728 1021 760 1074 D.
779 1021 813 1074 de
830 1037 904 1089 aequ.
922 1038 978 1076 rer.
996 1023 1065 1076 dono
1081 1018 1123 1086 41,
1143 1033 1166 1080 1.

384 1108 544 1164 Thesaurus
562 1108 667 1162 donum
684 1107 813 1161 fortunae
831 1108 963 1162 ereditur.
994 1107 1201 1165 Tnmnosms:

526 1239 528 1244 .
569 1195 587 1246 1.
607 1199 638 1248 63
658 1193 675 1262 5
697 1203 707 1246 1
728 1193 761 1245 D.
779 1194 812 1248 de
829 1207 903 1260 aequ.
922 1211 977 1249 rer.
995 1197 1061 1248 dom.
1080 1197 1125 1258 41,v
1144 1205 1168 1250 1.

686 1354 841 1423 dignum.

384 1465 468 1538 'rigni
491 1465 692 1536 appellatione·
705 1467 865 1520 continetur
891 1466 981 1520 omnis
1004 1469 1142 1533 materis,
1172 1488 1199 1525 ex

333 1570 390 1625 que
407 1551 567 1606 aedificium
586 1555 707 1614 constet,
726 1551 883 1621 vineaeque
901 1553 1071 1608 necessaris.

459 1637 625 1692 ULPIANUS:
643 1641 662 1692 I.
682 1647 694 1692 1
715 1638 732 1706 ἓ
754 1649 765 1694 1
785 1639 819 1692 D.
837 1641 870 1691 de
887 1641 958 1706 tique
967 1643 1063 1706 juncto
1080 1649 1124 1703 47,
1145 1649 1170 1696 3.

383 1725 582 1796 Appellatione
609 1724 682 1796 tigni
708 1740 805 1780 omnes
832 1725 968 1780 meterius
996 1725 1202 1796 significantur,
1273 1713 1274 1771 i

333 1829 367 1868 ex
384 1811 487 1882 quibus
511 1811 641 1867 aedificis
662 1811 740 1865 fiunt
776 1812 845 1880 §29
863 1811 888 1865 J.
906 1814 939 1865 de
957 1828 1012 1865 rer.
1030 1813 1082 1866 dtu.
1102 1821 1125 1875 2,
1147 1816 1203 1868 1&

445 1898 551 1952 Gelos:
570 1900 588 1952 1.
608 1907 621 1953 7
642 1897 659 1966 5
681 1905 711 1952 10
729 1897 762 1951 1).
780 1899 814 1950 de
831 1913 904 1964 aequ.
923 1914 978 1951 rer.
996 1900 1061 1954 dom.
1079 1906 1121 1960 41,
1145 1907 1169 1953 1.
1272 1959 1273 2000 1

660 2077 868 2133 'I'rsnssetio

384 2188 541 2244 Trenssotu
562 2188 677 2244 finitave
698 2187 857 2258 intelligere
876 2188 1011 2244 debemus
1028 2205 1085 2242 non
1098 2189 1205 2252 solum,

333 2275 435 2345 quibus
447 2275 647 2331 oontrovensis
663 2274 725 2338 fuit,
738 2275 795 2352 ‚sed
813 2273 899 2329 etism
917 2291 989 2344 quae
1009 2273 1067 2328 sine
1087 2278 1207 2329 contro-

332 2361 426 2418 versis
438 2361 496 2416 sint
506 2377 647 2432 possesse.
665 2361 798 2414 Pinnos:
815 2364 834 2420 l.
854 2369 911 2434 229,
922 2363 954 2414 D.
967 2364 999 2415 de
1022 2361 1048 2413 V.
1060 2359 1088 2414 S.
1101 2366 1147 2422 50,
1163 2370 1207 2416 16.

385 2447 552 2504 Transactio
578 2448 657 2503 nullo
685 2447 752 2502 dato
778 2447 825 2501 vel
847 2450 958 2503 retento
982 2463 1031 2501 seu
1056 2445 1208 2515 promisso
1270 2501 1271 2522 ἕ

332 2533 447 2590 minime
465 2534 601 2603 procedit.
638 2535 667 2588 t.
686 2540 717 2590 38
741 2533 768 2587 0.
787 2535 820 2586 de
837 2537 964 2588 troneaot.
982 2540 1006 2595 2,
1024 2539 1048 2585 4.

383 2619 442 2675 Nee
461 2621 539 2694 enim¹
554 2621 695 2690 eorrumpi
714 2619 897 2682 autmutari,
920 2619 995 2687 quod
1012 2620 1089 2672 reete
1107 2621 1208 2674 trsns-

332 2709 428 2762 sotum
446 2709 502 2771 est,
526 2706 742 2778 superveniente
765 2704 869 2760 delioto
888 2707 994 2774 potest.
1028 2703 1168 2760 Pinnos:
1188 2710 1208 2759 l.
1269 2765 1270 2783 χ

814 2798 829 2844 2
849 2791 882 2844 I).
901 2793 934 2843 de
951 2791 1045 2842 itinere
1061 2797 1101 2851 43,
1126 2797 1170 2844 19.

383 2879 441 2936 Sub
459 2882 610 2950 praetextu
629 2878 787 2950 specierum
804 2879 872 2947 post
887 2877 1059 2946 repertarum
1071 2877 1208 2944 generali

331 2966 523 3024 transactione
545 2965 626 3028 finite
647 2963 771 3021 rescindi
791 2961 1031 3034 prohibentium.
1069 2961 1097 3013 l.
1119 2968 1155 3016 29
1178 2963 1206 3015 0.

903 3051 936 3102 de
952 3051 1078 3100 transeut.
1097 3053 1123 3110 2,
1143 3057 1168 3102 4.
