2666 3560
583 355 622 417 85

413 564 564 619 Locutio.
596 564 794 620 conductio.

221 690 340 744 Locutio
360 695 389 746 et
407 692 557 745 conductio
575 693 703 762 proxima
726 697 769 747 est
792 692 909 747 emtioni
928 694 956 747 et
974 708 1039 746 ven·

168 775 271 831 ditioni
294 777 451 845 iisdemque
474 777 541 831 iuris
559 778 665 848 regulis
683 779 818 833 constitit.
854 778 961 833 GAIUS:
988 781 1005 832 1.
1025 786 1040 832 2

645 881 688 932 pr.
709 865 741 918 D.
758 867 809 930 loc.
829 868 902 918 cond.
922 872 962 928 19,
982 872 1005 917 2.

222 948 339 1004 Locutio
364 952 393 1002 et
415 948 565 1003 conductio
593 949 723 1003 contrahi
750 949 931 1020 intelligitur,
959 950 982 1004 si
1005 950 1040 1004 de

166 1033 302 1088 mercede
315 1033 486 1088 convenerit.
515 1033 621 1088 GAms:
641 1037 659 1088 l.
678 1042 693 1089 2
707 1051 753 1104 pr.
765 1035 799 1088 Β.
813 1038 862 1089 loc.
876 1039 949 1089 cond.
964 1043 1003 1098 19,
1015 1045 1041 1090 2.

222 1118 339 1173 Locatio
364 1119 423 1173 sine
446 1119 577 1174 mercede
603 1124 680 1174 certa
701 1120 831 1174 eontmhi
857 1139 915 1176 non
937 1125 1040 1191 potest.

262 1203 461 1260 Primnum:
482 1209 499 1259 l.
518 1213 551 1260 52
565 1222 612 1275 pr.
631 1207 664 1260 D.
683 1209 715 1260 de
732 1209 791 1260 don.
811 1210 881 1260 inter
898 1225 920 1260 v.
939 1215 981 1270 44,
1002 1218 1023 1262 1.

222 1289 389 1345 Donationis
394 1307 479 1346 eausa
485 1292 724 1348 contrahiloeatio
730 1310 787 1347 non
792 1297 895 1364 potest.
906 1293 1040 1346 Pronus:

550 1380 567 1441 l,
587 1385 619 1432 20
638 1379 655 1446 ᾖ
677 1386 689 1432 1
709 1380 745 1436 D.
763 1381 812 1435 loc.
830 1380 903 1432 cond.
924 1386 963 1442 19,
983 1387 1007 1456 2Ἰ

223 1461 329 1516 Loeare
355 1463 519 1517 servitutem
540 1480 623 1518 nemo
640 1468 743 1534 potest.
779 1465 945 1518 ULPIANUS:
973 1467 989 1518 1.
1008 1474 1041 1518 41

709 1551 904 1618 1190900119.
925 1557 964 1613 19,
984 1557 1007 1604 2.

223 1632 313 1687 Nemo
332 1633 500 1703 prohibetur
518 1652 589 1699 rem,
617 1652 701 1704 quom
720 1636 867 1700 conduxit,
895 1636 1042 1690 fruendam

167 1719 220 1772 ulii
238 1720 347 1783 locare,
371 1718 394 1772 si
411 1719 483 1772 nihil
502 1720 579 1774 uliud
598 1721 738 1776 convenit.
775 1723 805 1776 L.
825 1729 839 1778 6
862 1724 887 1776 C.
906 1725 938 1775 de
956 1724 1042 1776 locuto
1123 1754 1125 1758 .

922 1816 946 1870 4,
967 1814 1006 1862 65.

223 1891 287 1945 Non·
314 1891 387 1946 nolet
408 1891 512 1946 locutio
539 1891 695 1946 dominium
721 1897 848 1947 mutare·
875 1895 1041 1948 Uurmnus:

621 1981 639 2032 l.
659 1985 691 2033 39
710 1980 743 2032 D.
763 1981 810 2032 loc.
829 1982 902 2032 cond.
924 1987 963 2042 19,
983 1985 1007 2032 2.

184 2081 187 2086 ¹
225 2061 280 2126 Qui
305 2079 365 2116 rem
391 2061 534 2131 propriam
562 2062 696 2138 conduxit
722 2064 884 2118 existimans
913 2065 1042 2128 alienam,

170 2147 330 2201 dominium
342 2163 400 2202 non
418 2148 563 2212 transfert,
583 2148 632 2202 sed
650 2149 827 2204 inefficacem
846 2149 1042 2204 conductionis

170 2236 350 2287 contractum
367 2232 444 2287 feeit.
481 2235 510 2288 L.
530 2241 561 2287 20
584 2236 610 2287 C.
629 2238 662 2288 de
679 2237 765 2288 locato
783 2243 807 2299 4,
827 2227 867 2290 69.

224 2315 498 2388 Prospicere‘debet
520 2319 686 2383 conductor,
709 2337 744 2373 ne
768 2319 798 2372 in
821 2320 916 2388 aliquo
934 2322 980 2375 vel
999 2321 1043 2375 ius

171 2403 214 2457 rei
234 2404 280 2458 vel
298 2420 399 2473 corpus
419 2403 544 2458 deterius
562 2404 649 2459 faeiat
666 2406 713 2460 vel
730 2406 790 2459 fieri
808 2407 941 2474 patiatur.

369 2489 534 2543 Unrmnus:
554 2493 571 2544 l.
592 2499 620 2545 11
643 2492 659 2559 ξ
679 2499 694 2545 2
713 2493 746 2544 I).
765 2495 814 2545 loc.
833 2495 907 2549 cond.
928 2499 967 2557 19,
986 2501 1009 2546 2.

548 2687 670 2742 Locus.

228 2811 407 2867 contraxisse
426 2813 619 2882 unusquisque
637 2813 667 2867 in
686 2830 719 2867 eo
738 2814 802 2868 loeo
820 2812 996 2882 intelligitur,
1014 2813 1044 2866 in

174 2914 240 2966 quo,
261 2901 291 2951 ut
309 2899 437 2964 solveret,
457 2917 486 2954 se
505 2898 649 2968 obligavit.
686 2899 842 2952 IULIANUS:
871 2901 888 2952 l.
909 2905 938 2953 21
959 2899 992 2952 D.
1012 2901 1045 2952 de

783 2986 810 3039 0.
830 2991 857 3039 et
873 2989 905 3039 Α.
925 2993 966 3048 44,
987 2995 1009 3038 i.

229 3069 412 3124 Contractum
429 3087 487 3124 non
505 3071 603 3138 utique
621 3071 651 3124 in
670 3088 703 3126 eo
717 3071 781 3126 loeo
794 3070 969 3138 intelligitur,
988 3087 1045 3138 quo
1082 3083 1086 3092 ·
