2666 3560
660 270 720 338 122

589 449 785 516 Receptum.

305 559 359 625 Qui
376 559 485 630 recipit,
503 561 623 623 tenetur,
643 559 753 614 etiamsi
771 558 830 612 sine
849 557 932 626 culpa
945 554 1004 610 eius
1018 570 1063 607 res
1075 569 1127 622 pe·

251 642 301 700 riit
317 645 364 699 vel
382 645 515 699 damnum
533 644 632 698 datum
649 646 701 706 est,
719 642 774 696 nisi
793 641 905 710 siquid
923 641 1026 694 damno
1043 636 1129 692 fatali

252 729 403 799 contingit.
429 729 594 784 ULPIANUS:
613 731 629 783 1.
650 737 664 784 3
684 730 700 797 ἕ
721 736 733 782 1
754 729 787 782 I).
806 734 904 780 nautae
915 741 1048 794 caupones
1061 731 1086 787 4,
1101 730 1126 778 9.

619 923 759 990 Regula.

305 1051 443 1122 Exceptio
461 1053 555 1108 firmet
571 1053 698 1122 regulam
715 1052 745 1106 in
764 1050 876 1106 casibus
894 1067 952 1104 non
970 1047 1106 1117 exceptis.

583 1230 793 1287 Remedium.

305 1359 471 1413 Remedium
489 1357 741 1413 extraordinarium
756 1359 853 1419 locum
870 1374 929 1412 non
946 1355 1048 1418 habet,
1072 1353 1130 1407 nisi

253 1443 350 1498 deficit
369 1443 548 1497 ordinarium.
814 1486 816 1490 .

306 1529 336 1582 Si
355 1528 437 1598 [quis]
457 1528 598 1583 communi
615 1529 717 1584 auxilio
737 1531 767 1583 et
777 1546 855 1584 mero
866 1527 928 1582 iure
940 1525 1069 1580 munitus
1083 1523 1130 1587 sit,

253 1630 311 1667 non
330 1614 415 1669 debet
433 1612 459 1666 ei
476 1613 564 1667 tribui
580 1614 831 1669 extraordinarium
849 1613 992 1667 auxilium.

475 1697 639 1752 ULPIANUS:
659 1703 675 1753 l.
696 1709 727 1755 16
743 1716 788 1769 pr.
808 1701 841 1753 Ι).
860 1702 894 1752 de
911 1700 1005 1750 minor.
1024 1705 1050 1759 4,
1070 1703 1096 1750 4.

573 1877 808 1934 Renuncietio.

309 2001 411 2057 Omnes
433 2002 577 2058 licentiam
598 2003 707 2059 habeut
730 2005 788 2068 his,
816 2021 889 2072 quoe
911 2021 964 2073 pro
988 2020 1019 2058 se
1041 2001 1132 2056 intro-

255 2085 344 2140 ductu
361 2090 433 2151 sunt,
451 2087 623 2142 renunciare.
660 2091 689 2143 L
708 2096 739 2144 29
763 2091 789 2143 C.
808 2092 841 2144 dc
854 2092 946 2158 pacto
965 2096 988 2151 2,
1009 2095 1033 2142 8.

308 2170 465 2240 Unicuique
481 2172 550 2226 licet
568 2176 747 2228 contemnere
765 2174 852 2239 heec,
876 2191 949 2242 quae
968 2191 1021 2244 pro
1041 2189 1071 2226 se
1089 2171 1133 2225 in·

255 2255 388 2308 troductu
406 2260 479 2311 sunt.
514 2257 668 2312 IULIANUS:
687 2261 754 2314 141
773 2261 808 2314 1).
827 2263 860 2314 dc
878 2263 973 2313 minor.
992 2267 1017 2322 4,
1036 2267 1061 2311 4.

308 2339 464 2408 Unicuique
482 2341 622 2411 integrum
639 2346 683 2398 est
700 2343 756 2406 his,
776 2361 850 2412 quae
868 2344 925 2413 ipsi
943 2345 1044 2413 alege
1063 2342 1136 2397 deta

256 2425 287 2478 et
305 2439 439 2478 concesse
457 2430 529 2488 sunt,
548 2427 721 2482 renunciare.
753 2431 816 2482 Nou.
839 2437 886 2484 136
905 2434 928 2484 o.
951 2439 973 2483 1.

308 2509 430 2564 Adiuro
447 2511 612 2566 renunciata
628 2530 686 2567 non
704 2513 789 2568 datur
806 2531 963 2585 regressus.

602 2690 781 2758 Repetitio.

310 2811 416 2877 Quodsi
433 2813 522 2882 turpis
541 2831 627 2871 ceusu
646 2817 812 2888 accipientis
831 2821 932 2885 fuerit,
955 2820 1070 2876 etiamsi
1088 2837 1135 2874 res

258 2899 358 2951 secuta
376 2897 419 2959 sit,
438 2897 529 2967 repeti
545 2903 648 2968 potest.
678 2903 813 2958 Pennus:
832 2907 849 2959 l.
871 2915 883 2960 1
906 2907 922 2975 ᾖ
943 2913 958 2961 2
978 2907 1013 2960 D.
1026 2909 1061 2960 de
1073 2922 1137 2959 con·

697 2990 757 3042 dict.
776 2991 807 3043 ob
825 2996 897 3059 turp.
916 3007 990 3045 caue.
1013 2999 1054 3055 11,
1075 2999 1099 3046 5.
