2666 3560
592 319 651 380 147

241 483 354 553 Pupillo
378 485 449 538 solvi
472 484 531 538 sine
554 484 656 538 tutoris
680 485 849 538 auctoritate
875 503 933 538 non
954 488 1058 554 potest.

502 570 636 624 Plutus:
656 573 672 624 l.
694 578 723 625 15
743 572 776 624 D.
795 573 922 624 desolat.
940 579 982 635 46,
1001 580 1023 627 3.

241 655 370 724 Pupillus
380 653 474 710 omnia
483 659 577 710 tutore
587 659 703 711 auctore
714 673 799 725 agere
808 659 912 725 potest.
924 643 1058 728 Pilatus:

656 743 1024 807 MRQRLQU

242 826 271 880 Si
290 830 367 882 tutor
384 827 493 896 pupillo
511 828 590 882 nolet
608 831 708 882 auctor
724 829 796 892 fieri,
815 847 872 883 non
891 830 976 885 debet
994 847 1059 884 eum

190 916 305 982 praetor
323 929 432 982 eogere.
458 914 592 966 Pnunus:
611 917 629 972 l.
649 923 679 968 17
699 915 732 968 D.
751 916 783 967 de
802 921 902 972 auctor.
920 921 966 968 tut.
980 923 1020 979 26,
1034 923 1058 970 8.

241 997 325 1052 Nulla
343 998 502 1054 differentia
521 1003 573 1063 est,
591 1018 648 1055 non
664 1000 836 1055 interveniat
847 1000 949 1055 tutoris
962 1005 1058 1056 aueto-

190 1083 259 1138 ritas
279 1101 316 1138 an
332 1101 482 1154 perperam
500 1086 677 1144 adhibeatur.
712 1087 877 1140 ULPIANUS:
905 1088 921 1140 l.
941 1095 955 1140 2
974 1089 1007 1141 D.
1027 1091 1060 1140 de

753 1179 853 1226 auctor.
873 1178 919 1226 tut.
940 1181 980 1235 16,
999 1179 1023 1227 8.

243 1255 333 1310 Tutor
354 1255 384 1310 in
406 1274 465 1311 rem
489 1276 569 1312 suam
592 1263 690 1313 auctor
713 1276 775 1313 esse
793 1276 850 1312 non
867 1261 971 1328 potest.
1008 1259 1024 1326 ἓ

660 1345 686 1398 J.
705 1348 737 1398 de
756 1350 855 1398 auctor.
874 1350 921 1397 tat.
942 1353 964 1407 1,
984 1351 1024 1397 21.

243 1427 277 1481 ln
295 1445 355 1482 rem
373 1446 453 1482 suam
472 1429 670 1485 auctoritatem
683 1431 897 1485 accommodare
910 1432 988 1484 tutor
1000 1445 1057 1484 non

191 1514 295 1581 potest.
330 1514 496 1568 UnPIANUS:
524 1518 540 1568 l.
561 1525 573 1568 7
588 1533 635 1583 pr.
653 1517 687 1573 Ι).
705 1519 738 1569 de
756 1522 856 1570 auctor.
875 1521 922 1569 tut.
941 1522 982 1579 26,
1001 1524 1024 1570 8.

243 1599 365 1653 Lucrum
383 1601 477 1655 iacere
497 1618 531 1655 ex
549 1603 639 1656 tutela
658 1602 742 1672 [quis]
762 1620 820 1656 non
838 1603 932 1656 debet.

269 1686 438 1744 Sonuvoun:
458 1689 475 1739 l.
494 1694 526 1742 58
539 1704 586 1754 pr.
605 1689 639 1742 D.
657 1691 690 1741 de
707 1691 855 1742 administr.
874 1693 922 1740 tut.
942 1693 982 1750 16,
1003 1695 1024 1740 7.

244 1771 332 1827 Tutor
350 1773 448 1827 atatim
465 1773 495 1826 in
512 1773 574 1842 ipso
586 1773 702 1842 negotio
715 1790 850 1842 praesens
863 1774 950 1826 debet
962 1775 1060 1826 auctor

191 1857 260 1915 fieri.
295 1857 401 1912 GAIUS:
421 1861 438 1912 I.
456 1865 469 1912 9
490 1861 506 1927 ξ
527 1865 541 1913 5
560 1861 592 1914 D.
611 1862 644 1912 de
662 1866 761 1913 auctor.
781 1865 828 1914 tut.
847 1867 887 1923 26,
906 1865 930 1912 8.

242 1943 330 1998 Dolus
347 1947 474 1999 tutorum
491 1962 579 2015 puero
598 1963 690 2014 neque
705 1963 807 2000 nocere
820 1962 912 2014 neque
924 1945 1060 2015 prodesse

193 2030 286 2086 debet.
307 2030 523 2085 -ΡΑΡΙΝΙΑΝῊεε
551 2034 567 2084 l.
587 2039 602 2086 3
620 2033 653 2086 D.
672 2036 774 2100 quando
793 2034 918 2100 exsecto
937 2039 977 2094 16,
998 2039 1021 2085 9.

397 2226 618 2286 Universitas.
656 2226 855 2296 Collegium.

242 2354 276 2407 ln
294 2355 526 2437 universitatibus
545 2357 615 2410 nihil
632 2357 725 2421 refert,
746 2359 840 2410 utrum
859 2373 956 2410 omnes
974 2356 1061 2409 iidem

192 2443 328 2494 maneant
346 2459 382 2495 an
399 2459 465 2510 pars
483 2446 600 2497 maneat
618 2443 663 2497 vel
682 2459 778 2496 omnes
797 2441 940 2496 immutati
958 2441 1021 2495 sint.

303 2528 470 2582 UnPIANUS:
490 2531 506 2580 l.
527 2538 539 2582 7
562 2530 577 2597 ᾖ
598 2537 612 2584 2
631 2531 664 2586 Ι).
682 2532 751 2597 quod
767 2532 941 2594 cuiuscunque
960 2535 982 2590 3,
1002 2534 1025 2578 4.

245 2612 327 2678 Quod
344 2615 435 2669 maior
451 2631 517 2685 pars
537 2615 629 2669 euriae
648 2614 749 2677 effecit,
767 2633 818 2684 pro
832 2630 865 2668 eo
878 2613 1007 2673 habetur,
1027 2629 1060 2665 ae

194 2701 334 2757 siemnes
353 2700 469 2770 egerint.
502 2702 669 2756 Senuvonn:
689 2703 705 2754 l.
726 2707 756 2754 19
776 2701 808 2752 Ι).
828 2701 864 2751 ad
880 2699 1061 2764 municipalem

934 2791 983 2846 50,
1004 2791 1025 2836 1.

244 2871 376 2926 Refertur
388 2872 425 2926 ad
437 2872 593 2937 universos,
607 2873 683 2942 quod
694 2874 808 2942 publice
820 2872 852 2926 fit
863 2887 914 2941 per
925 2869 1061 2924 maiorem

192 2961 312 3028 partem.
348 2958 514 3012 Unrnuus:
534 2962 551 3013 l.
571 2966 603 3014 60
623 2961 639 3028 ᾗ
660 2968 671 3013 1
692 2961 726 3014 D.
745 2963 777 3012 de
796 2958 932 3019 R.J.50‚
953 2964 993 3012 17.

245 3041 276 3096 Si
294 3043 364 3112 quid
383 3043 563 3099 universitati
581 3045 708 3109 debetur,
728 3043 845 3113 singulis
858 3060 916 3096 non
928 3041 1060 3095 debetur:

859 3145 907 3200 10*
