2666 3560
684 294 746 358 130

331 464 504 520 servitutum
521 477 654 516 numerus
672 478 731 515 nou
749 465 794 516 est
811 463 933 518 clausus.

330 551 438 604 Looare
458 548 624 603 servitutem
645 551 728 602 nemo
750 549 855 616 potest.
891 550 1058 604 Urrrmus:
1078 548 1096 599 l.
1115 553 1150 600 44

745 635 777 687 Ι).
796 636 876 687 locati
891 636 1013 688 conducti
1031 641 1070 696 19,
1090 639 1115 687 2.

332 720 436 775 Omnes
454 719 604 773 servitutes
619 715 800 787 praediorum
811 724 967 789 perpetuas
985 735 1087 773 causas
1100 717 1151 770 ba-

279 807 347 862 bere
366 806 480 860 debent.
514 803 651 857 Pontus:
670 806 687 860 l.
706 809 737 857 28
757 805 789 857 I).
807 807 840 858 de
857 821 926 859 serv.
939 822 987 874 pr.
1004 805 1062 857 arb.
1081 809 1105 865 8,
1126 808 1151 855 2.

331 893 364 945 In
382 890 512 945 omnibus
531 888 715 943 servitutibus
737 889 854 944 refectio
878 891 916 944 ad
934 908 999 945 eum
1015 887 1151 959 pertinet,

281 977 330 1046 qui
352 975 406 1030 sibi
429 975 593 1030 servitutem
616 973 734 1038 adserit,
756 992 815 1028 non
838 975 875 1029 ad
898 993 975 1039 eum,
1000 973 1080 1029 ouius
1104 988 1150 1026 res

282 1063 376 1116 servit.
411 1062 576 1115 ULPIANUS:
595 1063 611 1113 l.
631 1065 646 1112 2
665 1060 682 1127 5
702 1067 717 1113 2
737 1060 770 1114 D.
788 1063 814 1112 si
829 1077 897 1114 serv.
916 1064 985 1114 vind,
1004 1067 1027 1123 8,
1046 1067 1071 1116 4.

332 1146 433 1201 Melior
449 1145 535 1200 vioim
553 1143 676 1200 conditio
696 1143 735 1214 [in
752 1145 946 1218 servitutibus]
967 1144 1027 1200 fieri
1043 1145 1150 1214 potest,

282 1231 404 1287 deterior
425 1250 483 1286 non
504 1233 609 1300 potest.
644 1232 780 1284 PAULUS:
804 1233 821 1284 l.
840 1237 873 1286 20
897 1233 913 1300 5
933 1239 947 1287 5
971 1232 1006 1300 4).
1031 1233 1150 1284 deserv.

905 1333 953 1386 pr.
971 1317 1030 1370 urb.
1048 1322 1072 1378 8,
1092 1323 1115 1368 2.

334 1402 487 1467 Quodlibet
507 1401 655 1470 praedium
676 1401 868 1471 praesumitur
885 1419 948 1456 esse
972 1419 990 1456 a
1012 1399 1152 1454 servitute

280 1487 409 1552 liberum,
427 1503 517 1556 usque
537 1487 603 1540 dum
620 1488 757 1556 probetur
776 1487 956 1544 eontrarium.

547 1685 678 1740 Servus.
722 1684 883 1740 Servitus,

334 1809 460 1864 Servitus
484 1813 528 1864 est
551 1812 716 1867 constitutio
743 1811 811 1866 iuris
839 1810 980 1881 gentium,
1007 1827 1065 1878 qua
1087 1808 1154 1878 quis

284 1894 407 1950 dominio
427 1895 519 1950 alieno
539 1899 638 1951 eontra
655 1901 786 1951 naturam
805 1896 961 1951 subiicitur.

396 1981 619 2034 Fromrrmrs:
639 1985 655 2038 l.
673 1984 725 2050 45
747 1991 759 2036 1
781 1983 857 2036 Dde
874 1987 945 2034 statu
963 1982 1029 2035 tom.
1049 1989 1072 2043 1,
1092 1986 1117 2035 5.

334 2065 496 2119 Dominatio
515 2083 549 2120 ex
567 2066 695 2134 gentium
711 2066 771 2121 iure
789 2066 954 2121 introducta
972 2068 1024 2120 est,

404 2150 631 2203 Trrrrrornrusz
648 2155 664 2205 I.
685 2158 717 2206 64
736 2154 768 2206 Ι).
786 2155 820 2204 de
836 2155 910 2205 cond.
929 2152 1012 2204 indat.
1032 2157 1072 2214 12,
1092 2157 1117 2205 6.

334 2235 367 2287 In
386 2251 529 2289 servorum
547 2236 708 2291 conditione
726 2238 806 2291 nulla
829 2240 873 2292 est
895 2235 1063 2291 differentia
1100 2236 1117 2302 5
1136 2240 1154 2288 5

787 2323 812 2379 J.
830 2325 863 2376 do
872 2326 941 2388 jure
953 2338 1029 2390 pers.
1050 2330 1073 2384 1,
1093 2329 1117 2376 3.

336 2405 484 2459 Servorum
505 2423 563 2459 una
585 2409 630 2460 est
652 2406 785 2463 conditio.
821 2409 1013 2466 MAROIANUS:
1037 2410 1056 2464 1.
1075 2413 1153 2475 5pr.

777 2495 809 2548 I).
828 2497 861 2548 de
877 2501 948 2548 stata
965 2497 1030 2548 tom.
1051 2503 1073 2557 1,
1093 2501 1117 2547 5.

336 2575 506 2630 Servitutem
514 2576 681 2631 mortalitati
690 2578 748 2632 fere
759 2596 965 2649 comparamus.
984 2580 1152 2633 ULPmNUs:

709 2666 727 2719 l.
746 2672 795 2719 209
814 2667 847 2719 D.
866 2669 899 2718 de
917 2667 951 2718 R.
969 2666 995 2721 J.
1014 2673 1055 2728 50,
1077 2673 1116 2720 17.

336 2746 438 2800 Servus
456 2747 566 2801 nullum
584 2752 671 2818 caput
692 2749 788 2804 habet.
817 2751 833 2818 5
852 2759 868 2804 4
887 2751 912 2805 J.
930 2755 963 2805 de
981 2767 1039 2819 cap.
1058 2753 1151 2804 demin.

1034 2844 1118 2900 1,16.

337 2917 442 2972 Servile
461 2920 548 2986 caput
564 2919 672 2973 nullum
689 2919 732 2973 ius
750 2920 847 2976 habet
881 2921 1015 2974 Porrus:
1038 2924 1085 2977 43
1105 2922 1150 2988 51

766 3005 798 3062 J).
817 3008 954 3075 decapite
971 3009 1030 3061 min.
1049 3015 1074 3070 4,
1094 3013 1117 3061 5.
