2666 3560
579 356 627 420 <79

224 526 258 579 In
273 523 402 579 alienam
414 524 590 580 voluntatem
603 523 723 578 conferri
734 523 861 594 legatum
873 541 930 578 non
942 527 1048 594 potest.

388 609 599 665 MODESTINUS:
625 607 641 663 l.
660 615 692 664 52
711 610 745 663 D.
764 612 797 663 de
814 612 907 663 condit.
927 615 967 674 35,
988 619 1011 663 1.

222 695 329 766 Legari
350 695 405 750 illis
430 695 522 749 solum
540 698 649 765 potest,
674 711 739 749 enm
761 694 863 763 quibus
882 694 1048 750 testamenti

168 781 260 835 factio
280 784 332 835 est.
369 781 386 849 ξ
405 788 438 835 24
456 782 480 834 J.
500 782 533 835 de
552 783 646 849 lenutio
664 787 689 843 2,
708 787 748 836 20.

224 867 408 936 Captatoriae
427 866 585 936 scripturae
606 865 689 919 simili
708 866 795 920 modo
813 881 907 934 neque
924 865 955 918 in
966 865 1046 919 here-

169 953 310 1008 ditatibus
333 969 425 1021 neque
447 952 478 1006 in
500 952 604 1022 legatis
627 952 732 1006 valent.
786 951 892 1006 GAIUs:
920 949 936 1005 l.
961 959 993 1006 64
1012 951 1046 1004 D.

558 1049 563 1054 ’
824 1041 856 1092 do
874 1035 967 1107 leontis
981 1039 1007 1090 I.

223 1124 409 1194 Supervacua
427 1124 568 1194 scriptura
585 1142 643 1178 non
664 1127 751 1179 nocet
768 1125 873 1194 legato.
909 1124 1045 1179 Pannns:

498 1207 514 1263 l.
533 1216 566 1265 ’26
586 1211 603 1277 ᾖ
624 1219 636 1264 1
657 1210 690 1263 l).
710 1213 742 1263 de
761 1213 837 1266 adim.
856 1207 905 1278 leq.
924 1219 964 1275 34,
983 1219 1008 1266 4.

222 1295 307 1351 Certo
327 1313 443 1366 corpore
460 1296 558 1365 legato
578 1294 782 1351 demonstratio
794 1295 867 1350 falsa
879 1295 975 1365 posita
987 1314 1046 1350 non

166 1381 286 1452 perimit
303 1381 439 1451 legatum.
474 1381 660 1436 Pomorms:
683 1384 700 1437 1.
721 1391 752 1438 10
771 1383 804 1436 D.
823 1385 856 1436 de
873 1399 939 1436 auro
958 1391 1000 1446 34,
1020 1390 1044 1436 2.

222 1467 308 1520 Falsa
326 1467 530 1522 demonstratio
550 1471 600 1523 aut
617 1467 691 1524 falsa
709 1485 796 1523 eausa
813 1469 911 1538 legato
931 1467 1046 1523 adiecta

166 1571 230 1607 non
247 1557 340 1607 nocet.

222 1637 395 1706 Legatorum
413 1639 527 1695 nomine
545 1641 569 1694 is
589 1639 702 1695 videtur
718 1640 865 1711 possidere
873 1681 881 1710 ‚⁴
904 1639 949 1694 cui
967 1640 1043 1708 lega-

164 1727 231 1778 tum
250 1725 301 1776 est.
336 1723 501 1778 Uarianos:
514 1723 531 1779 l.
551 1735 564 1781 1
584 1727 617 1781 Ι).
632 1741 686 1794 pro
704 1723 790 1794 leonto
807 1735 849 1789 41,
868 1733 891 1780 8.

220 1808 275 1863 Pro
293 1808 391 1878 legato
404 1811 544 1880 usucapit,
563 1811 609 1865 oui
619 1815 697 1866 reete
709 1812 837 1881 legatum
847 1811 978 1866 relietum
991 1815 1043 1866 est.

332 1895 610 1967 Hannoonmnnns3
629 1900 647 1950 l.
666 1905 681 1952 9
700 1899 732 1951 D.
747 1913 802 1966 pro
820 1894 906 1966 lcqato
925 1905 965 1961 41,
985 1903 1008 1951 8.

565 2094 647 2148 Lex.

221 2221 281 2275 Lex
305 2223 349 2276 est
372 2211 520 2276 commune
537 2225 731 2291 praeceptum.
767 2222 965 2279 primiras:
991 2227 1008 2277 l.
1030 2232 1041 2278 1

754 2310 788 2363 Ι).
807 2311 840 2363 de
857 2312 921 2378 leqq.
942 2319 965 2374 1,
984 2318 1008 2364 3.

220 2393 286 2447 Iura
310 2411 380 2448 non·
394 2392 423 2448 in
451 2393 578 2464 singulas
609 2411 761 2464 personas,
792 2397 843 2450 sed
874 2396 1045 2466 generaliter

168 2478 388 2550 constituuntur.
423 2479 590 2533 Uarianos:
609 2484 626 2534 l.
645 2488 661 2536 8
681 2483 714 2536 D.
733 2485 766 2535 de
783 2485 848 2549 lero.
869 2492 892 2546 1,
912 2489 935 2536 3.

222 2554 325 2619 Oinnes
343 2565 454 2636 legibus
472 2569 615 2637 regantur.
652 2568 682 2621 L
703 2576 733 2622 10
756 2569 782 2621 0.
801 2571 834 2622 de
852 2570 917 2636 leym·
938 2579 960 2624 1.
981 2578 1020 2624 14.

220 2651 305 2720 Legis
318 2650 406 2705 virtus
419 2652 490 2706 haec
504 2657 561 2708 est:
579 2652 727 2722 imperare,
746 2657 852 2718 vetare,
870 2655 1043 2723 permittere,

167 2736 280 2804 punire.
315 2737 523 2794 Monnsrnsos:
541 2735 558 2792 l.
578 2748 591 2793 r
611 2741 644 2792 D.
663 2741 696 2792 de
714 2742 779 2807 1⁶49·
799 2749 820 2804 1,
840 2747 863 2795 3.
1072 2805 1073 2808 Ἴ

220 2821 297 2876 Finis
315 2823 411 2893 legum
431 2823 562 2878 consistit
578 2823 608 2878 in
632 2825 815 2892 acquirendo,
839 2825 1043 2890 conservande,

169 2907 333 2962 minuendo.

221 2993 298 3047 Scire
316 2994 394 3063 leges
413 3011 471 3048 non
488 2995 543 3050 hoe
562 2999 606 3050 est
627 2999 713 3052 verba
737 3014 835 3051 earum
857 3000 968 3062 tenere,
992 2997 1044 3051 sed

167 3078 225 3132 vim
247 3096 281 3139 ae
298 3083 481 3148 potestatem.
518 3082 646 3140 Cnosos:
667 3086 683 3136 Ι.
705 3091 733 3138 17
754 3085 787 3137 D.
806 3087 840 3140 de
862 3087 926 3154 quq.
947 3093 970 3149 1,
989 3090 1012 3138 3.
