2666 3560
681 295 721 358 82

317 465 388 520 Cum
405 463 550 534 legitimae
569 460 684 530 nuptiae
702 461 795 516 factae
821 461 899 522 sunt,
921 459 1033 528 patrem
1054 455 1142 509 liberi

267 554 433 621 sequuntur:
452 551 538 619 vulgo
557 547 703 617 quaesitus
722 550 843 600 matrem
855 544 990 614 sequitur.
1009 542 1139 596 Onasus:

669 635 686 686 l.
707 639 737 688 19
756 634 789 687 D.
808 634 841 685 da
862 631 1016 684 statutam.
1037 638 1059 692 1,
1080 635 1105 682 6.

318 723 371 788 Qui
397 721 523 775 nascitur
553 719 613 774 sina
640 717 767 789 legitimo
794 716 988 779 matrimonio,
1018 717 1142 769 matrem

266 808 400 877 sequitur.
434 807 600 860 Uarmaos:
620 806 637 856 l.
657 805 742 858 241).
760 805 792 857 de
810 803 967 856 statutam.
988 810 1008 865 1,
1028 807 1052 854 5.

316 892 398 962 Eius,
426 891 475 960 qui
491 890 599 945 iustum
616 892 728 958 patrem
745 905 802 943 non
820 888 920 951 habet,
948 885 1040 956 prima
1060 885 1142 955 origo

266 981 394 1032 amatre
418 993 508 1044 eoque
532 975 591 1038 die,
615 992 671 1042 quo
696 991 729 1028 ex
753 990 787 1029 ea
801 972 897 1048 'editus
917 975 973 1034 est,
996 969 1142 1026 numerari

266 1063 359 1118 debat.
398 1062 567 1116 NERATIUS:
586 1062 603 1114 l.
623 1067 637 1114 9
658 1061 690 1114 1).
709 1062 745 1112 ad
761 1062 871 1126 muncip
891 1065 932 1120 50,
953 1066 975 1112 1.

317 1148 440 1202 Interest
462 1150 560 1201 nostra
583 1146 708 1200 animum
730 1145 885 1200 liberorum
902 1146 1065 1198 nostrorum
1082 1159 1140 1196 non

267 1233 416 1303 corrumpi.
452 1233 586 1286 PAULUS:
605 1233 623 1285 l.
645 1240 675 1286 14
695 1232 711 1300 5
733 1240 745 1285 1
766 1232 799 1284 D.
818 1233 945 1284 deservo
964 1245 1035 1284 corr.
1056 1237 1096 1291 11,
1115 1236 1141 1282 3.

451 1427 616 1482 Libertas.
645 1425 762 1482 Liberi
783 1424 948 1480 homines.

317 1554 448 1609 Libertas
472 1557 515 1609 est
537 1553 674 1618 naturalis
697 1553 818 1607 facultas
842 1552 913 1616 eius,
942 1552 1018 1619 quod
1037 1551 1141 1618 cuique

265 1641 360 1696 faeere
379 1640 458 1704 libet,
477 1639 532 1693 nisi
550 1639 574 1692 si
592 1639 660 1707 quid
677 1639 706 1693 vi
724 1642 773 1693 aut
790 1639 849 1692 iure
868 1637 1042 1707 prohibetur.

384 1727 610 1780 Faoammmos:
628 1726 646 1778 l.
665 1733 741 1792 4pr.
760 1724 793 1777 D.
813 1727 845 1777 da
864 1725 1018 1776 statutam.
1040 1732 1062 1785 1,
1083 1729 1106 1776 5.

317 1812 446 1866 Libertas
470 1809 599 1864 omnibus
621 1811 707 1864 robus
734 1809 917 1863 favorabilior
944 1810 994 1862 est.
1032 1807 1142 1862 GAIUS:

697 1897 715 1948 l.
736 1901 783 1948 122
803 1895 836 1947 J).
855 1897 888 1946 de
907 1895 939 1946 R.
959 1894 984 1947 J.
1004 1900 1044 1958 50,
1066 1902 1106 1948 17.

316 1980 445 2035 Libertas
463 1978 677 2034 inaestimabilis
696 1996 740 2034 res
760 1983 811 2034 est.
846 1979 980 2032 PAULUS:
1001 1981 1018 2032 l.
1039 1979 1143 2032 1061)·

855 2067 888 2116 de
906 2066 939 2117 It.
959 2065 983 2117 J.
1003 2071 1045 2127 50,
1066 2072 1106 2117 17.

317 2151 448 2204 Libertas
466 2149 588 2219 pecunia
609 2150 650 2203 lui
672 2167 729 2203 non
751 2152 855 2218 potest.
891 2149 1060 2203 ULPIANUS:
1089 2151 1107 2200 l.
1127 2155 1141 2202 9

569 2231 573 2240 ⁷
692 2236 795 2304 ξ21).
814 2237 936 2288 deitato
954 2233 998 2287 lib.
1018 2244 1061 2297 40,
1083 2243 1106 2287 7.

317 2320 449 2374 Liberum
469 2337 570 2388 eorpus
591 2319 820 2374 aestimationem
832 2337 889 2374 non
900 2319 1010 2389 recipit.
1031 2319 1142 2374 GAIUS:

602 2407 620 2457 l.
638 2411 654 2458 3
672 2405 706 2458 D.
725 2407 751 2457 si
767 2406 918 2472 quadrupes
931 2421 1017 2472 paup.
1038 2411 1062 2468 9,
1084 2413 1106 2458 1.

317 2490 352 2544 In
378 2489 491 2543 homine
510 2489 600 2543 libero
627 2489 706 2542 nulla
734 2489 857 2557 eorporis
886 2489 1048 2544 aestimatio
1071 2489 1143 2543 fieri.

265 2577 369 2645 potest.
405 2573 569 2627 inomaus:
589 2576 606 2626 l.
628 2583 639 2628 1
660 2576 677 2642 ξ
696 2582 711 2628 5
731 2574 764 2626 D.
783 2577 816 2626 de
833 2576 883 2635 liis,
902 2577 946 2641 qui
963 2577 1008 2644 eff.
1028 2582 1052 2638 9,
1073 2581 1095 2628 3.

317 2657 430 2713 Infinita
456 2658 616 2713 aestimatio
644 2662 689 2712 est
713 2657 839 2712 libertas.
875 2659 1011 2712 PAULUS:
1048 2663 1066 2713 l.
1092 2668 1142 2715 116

733 2744 837 2812 §ID-
856 2747 888 2797 de
906 2745 1045 2808 B.J.50,
1067 2755 1106 2799 17.

317 2827 485 2882 Aestimatio
503 2827 642 2882 libertatis
661 2828 698 2881 ad
715 2827 856 2882 infinitum
875 2830 1043 2884 extenditur.

336 2913 350 2940 ⁴*
370 2911 562 2964 VENULEIUS:
582 2917 599 2966 l.
618 2921 633 2967 8
653 2915 670 2981 5
690 2914 756 2967 21),
776 2919 839 2970 ratt.
858 2930 921 2967 rem.
940 2916 998 2968 tab.
1018 2923 1060 2980 46,
1080 2923 1105 2969 8.

318 2997 408 3051 Multa
426 3001 524 3052 eontra
541 2999 609 3051 iuris
627 2997 751 3066 iigorem
768 3014 820 3066 pro
838 2997 970 3053 libertate
990 3003 1057 3054 sunt
1075 3017 1142 3054 oon·
