2666 3560
701 317 742 382 86

288 487 434 556 negotium
452 490 564 556 gestum
582 485 631 548 sit,
656 485 706 540 sod
728 502 785 554 quo
808 485 944 539 solvenda
967 487 1010 538 ost
1027 483 1159 553 pecunia.

552 569 658 626 GAIUS:
678 573 695 624 l.
715 578 730 626 3
749 572 782 624 1).
801 567 931 624 derebus
950 575 1018 624 auct.
1037 575 1079 633 42,
1099 576 1123 623 5.

340 657 381 721 Is,
404 657 453 725 qui
475 661 551 712 corto
574 657 637 711 looo
656 657 723 711 dare
741 656 893 726 promittit,
915 656 993 710 nullo
1011 655 1066 710 alio
1085 655 1160 717 looo,

289 761 374 812 quam
385 743 415 796 in
428 760 483 811 quo
495 743 635 812 promisit,
653 743 762 796 solvere
774 743 863 796 invito
876 741 1041 812 stipulatore
1053 743 1160 810 potest.

446 828 613 882 Uomano:
632 830 649 881 l.
670 835 684 882 9
703 829 737 882 D.
756 831 788 881 de
806 844 845 896 eo,
862 831 931 895 qood
947 833 1020 881 certo
1041 833 1080 890 18,
1099 835 1124 880 4.

341 983 434 1036 Locus
453 983 526 1051 regit
544 985 646 1036 aetum.

341 1067 431 1121 Purus
449 1067 528 1121 loous
547 1067 658 1132 dieitur,
677 1065 725 1134 qui
742 1083 834 1134 neque
848 1083 928 1122 sacer
940 1083 1032 1136 nequo
1045 1069 1160 1121 sanetus

291 1157 336 1207 est
353 1169 445 1221 nequo
464 1152 622 1222 religiosus.
658 1153 823 1206 ULPIANUS:
851 1155 869 1206 ῖ.
888 1150 903 1206 2
923 1154 940 1222 ᾖ
958 1161 975 1207 4
993 1153 1027 1206 D.
1045 1155 1078 1206 de
1096 1155 1160 1206 reli-

938 1241 1020 1306 qioois
1040 1247 1082 1302 11,
1101 1247 1124 1292 2,

530 1367 672 1422 Lumen.
703 1367 918 1434 Prospeotus.

341 1461 513 1531 Prospectus
526 1459 612 1515 etiam
626 1478 660 1514 ex
671 1461 850 1516 inferioribus
862 1461 932 1516 locis
947 1465 997 1525 ost,
1016 1462 1113 1516 lumen
1126 1477 1160 1514 ex

289 1545 422 1601 inforiore
440 1547 503 1601 loco
523 1563 583 1601 osse
606 1563 664 1600 non
686 1551 789 1617 potest.
825 1547 959 1601 Pinnos:
987 1549 1006 1601 l.
1026 1547 1110 1601 161).
1129 1549 1163 1598 do

834 1650 903 1688 sero.
917 1650 964 1702 pr.
983 1630 1041 1687 arb.
1059 1640 1083 1696 8,
1103 1639 1127 1685 2.

504 1776 718 1833 maleficium.
750 1762 946 1845 maiitiam.

343 1871 375 1923 In
392 1870 539 1924 maleficiis
557 1872 687 1926 voluntas
706 1875 859 1941 spectatur,
877 1889 935 1926 non
954 1872 1053 1927 exitus.

342 1955 513 2010 Malefioium
530 1955 663 2011 iteratum
681 1958 794 2026 gravius
813 1960 864 2012 ost.

343 2041 376 2094 In
394 2041 532 2096 maleficio
550 2042 714 2098 ratihabitio
732 2043 867 2097 mandato
887 2047 1075 2114 eomparatur.

468 2127 633 2181 Uomano:
652 2131 669 2182 l.
691 2136 738 2184 152
757 2130 774 2197 ὅ
793 2136 808 2183 2
827 2130 861 2183 D.
880 2131 913 2184 de
931 2130 964 2183 R.
982 2128 1007 2183 J.
1027 2136 1067 2192 50,
1088 2137 1128 2184 17.

344 2211 428 2265 Nulla
445 2213 565 2268 societas
583 2214 785 2269 maleficiorum
805 2215 878 2285 [ost]¹
914 2215 1082 2269 ULPmaos:
1109 2218 1127 2269 l.
1149 2223 1159 2269 1

668 2301 738 2368 §14
757 2303 790 2354 D.
808 2304 841 2353 de
860 2307 908 2356 tut.
927 2306 954 2353 et
971 2305 1024 2358 rat.
1042 2307 1085 2363 21,
1104 2308 1127 2354 3.

346 2382 472 2437 Societas
490 2387 539 2438 aut
556 2385 719 2440 mandatum
742 2385 900 2455 flagitiosae
918 2386 960 2440 rei
977 2385 1069 2440 nullas
1088 2387 1163 2441 vires

294 2466 388 2522 habet.
425 2467 531 2522 (ΞΑ-11131
550 2472 568 2522 l.
587 2477 619 2524 35
638 2472 655 2539 ξ
675 2472 741 2524 21).
760 2474 793 2524 de
811 2477 894 2526 contr.
913 2477 972 2526 emt.
992 2478 1032 2534 18,
1054 2481 1075 2526 1.

347 2551 376 2606 Si
403 2553 502 2622 flagitii
529 2554 652 2609 faciendi
678 2557 723 2610 vel
749 2556 818 2611 facti
849 2573 934 2610 causa
961 2560 1100 2627 concepta
1128 2557 1164 2611 sit

295 2636 452 2707 stipulatio,
480 2641 515 2692 ab
542 2639 623 2694 initio
645 2658 702 2695 non
725 2642 809 2696 valet.
846 2641 1043 2696 PAPmANUs:
1072 2646 1090 2696 l.
1115 2650 1164 2698 123

326 2725 327 2728 ’
835 2729 867 2781 D.
886 2731 919 2782 de
943 2729 971 2782 V.
994 2729 1024 2782 O.
1043 2737 1085 2791 45,
1106 2737 1128 2782 1.

533 2851 676 2908 Malitia.
706 2855 921 2922 Improbitas.

346 2942 436 2999 Nemo
459 2945 494 2999 do
520 2945 701 3014 improbitate
725 2964 776 3001 sua
802 2949 986 3016 consequitur
1013 2949 1163 3004 actionem.

494 3029 662 3084 Uomano:
681 3034 700 3086 l.
721 3040 752 3087 12
771 3034 788 3101 ᾗ
808 3042 820 3087 1
841 3035 874 3088 Ι).
893 3036 926 3088 de
940 3037 1026 3102 sortis
1043 3043 1086 3098 41,
1106 3042 1129 3089 2.
