2698 3558
678 313 802 374 42·

315 477 381 534 Solo
399 478 499 533 domus
517 478 669 548 possessio,
688 495 760 547 quus
778 478 809 532 in
826 479 920 533 aliona
932 478 1046 534 civitate
1059 494 1134 532 com-

262 567 388 636 paratur,
407 563 580 619 domicilium
597 581 655 618 non
671 564 748 618 facit.
775 565 974 619 Pssmmnus:
993 565 1135 632 l.1t§18

743 651 778 708 1).
795 653 832 703 ad
847 652 996 717 municipal.
1015 657 1056 712 50,
1077 657 1100 702 l.

314 736 426 790 Incolus
446 734 621 790 domicilium
637 735 715 789 facit.
747 737 804 790 Μ
827 737 852 789 d'.
870 738 904 789 de
921 737 1013 788 incolis
1033 743 1073 798 10,
1093 740 1135 790 39.

314 820 392 875 Nihil
410 822 455 874 cst
471 820 690 890 impedimento,
714 820 865 889 quominus
888 820 964 890 quis,
987 819 1036 875 ubi
1054 818 1134 882 velit,

261 907 371 961 habeut
387 904 570 969 domicilium,
588 906 665 974 quod
684 906 710 961 ci
727 906 910 961 interdictum
927 923 985 960 non
1004 905 1049 959 sit.

439 992 635 1045 Munounnus:
655 994 672 1049 1.
691 999 722 1046 31
742 993 776 1048 D.
795 995 831 1045 cd
847 993 996 1060 municipol.
1014 997 1056 1054 50,
1077 998 1117 1066 1.Ι

314 1075 495 1130 Domicilium
506 1093 536 1131 ro
551 1079 579 1131 et
591 1079 668 1131 facto
681 1077 857 1141 transfertur,
874 1095 933 1132 nou
944 1077 1022 1131 nudo
1035 1078 1133 1130 conte·

262 1161 398 1219 statione,
432 1162 565 1216 PAULUS:
585 1165 601 1217 1.
621 1163 704 1218 201).
723 1165 759 1215 cd
775 1166 924 1232 municipal.
943 1171 983 1226 50,
1005 1171 1027 1216 1.

320 1277 322 1282 Ι
373 1306 580 1364 Dominium.
611 1308 815 1377 Proprietas.
846 1307 1022 1364 Dominus.

236 1409 237 1414 ¹
314 1417 411 1472 Meum
429 1421 485 1480 ost,
504 1417 582 1486 quod
600 1435 634 1473 cx
651 1435 681 1473 rc
699 1435 764 1473 mcc
782 1421 925 1488 superest,
945 1418 1025 1473 ossius
1043 1417 1134 1472 vindi·

263 1503 349 1558 condi
365 1503 410 1558 ius
428 1503 530 1557 habeo.
558 1503 685 1557 Gunsus:
704 1506 721 1556 1.
739 1511 772 1559 49
791 1508 806 1568 ξ
826 1512 838 1558 1
859 1504 893 1559 D.
910 1507 944 1557 de
961 1505 994 1558 R.
1019 1504 1047 1558 V.
1065 1511 1090 1566 6,
1111 1511 1134 1557 1.

315 1588 398 1655 Quod
415 1605 450 1644 cx
467 1606 497 1643 rc
515 1591 615 1643 nostru
632 1589 672 1653 fit,
690 1593 819 1644 nostrum
837 1592 888 1644 cst.

315 1673 398 1739 Quod
423 1672 569 1744 proprium
582 1678 641 1729 cst
668 1674 800 1738 alicuius,
830 1674 951 1744 amplius
983 1673 1044 1728 eius
1074 1672 1137 1728 ficri

263 1758 371 1827 nequit.

314 1839 413 1914 Neque
441 1845 516 1901 cuim
543 1846 665 1915 amplius
693 1864 779 1914 quum
806 1846 894 1900 semol
915 1862 960 1900 rcs
984 1862 1049 1899 meu
1072 1861 1136 1900 esse

262 1935 369 2002 potest.
395 1931 531 1985 Pnoups:
550 1933 567 1985 l.
582 1939 614 1987 14
632 1937 675 1997 51
694 1933 727 1985 Ι).
746 1935 779 1986 de
796 1938 900 2000 except.
919 1934 962 1984 rei
970 1933 1032 1997 sud.
1050 1938 1093 1994 44,
1112 1938 1136 1984 1.
1157 2001 1161 2008 .

315 2015 528 2072 Traditiouibus
542 2021 571 2071 ct
583 2015 804 2087 usucapionibus
818 2016 943 2070 dominic
955 2033 1057 2078 rerum,
1076 2033 1136 2070 non

263 2101 347 2157 nudis
365 2101 468 2172 pactis,
487 2102 703 2157 transferuntur.
741 2104 770 2157 l.
788 2109 821 2156 10
843 2103 868 2154 0.
887 2104 919 2155 de
932 2103 1023 2170 pactis
1041 2109 1066 2163 1,
1086 2109 1110 2156 3.

315 2187 467 2255 Nunquam
484 2188 562 2242 nuda
580 2187 696 2242 traditio
714 2187 850 2242 transfert
868 2186 1032 2240 dominium.

366 2273 500 2326 PAULUS:
519 2275 535 2325 l.
554 2280 585 2328 31
599 2287 646 2341 pr.
659 2274 692 2327 D.
705 2275 739 2326 de
750 2275 849 2339 acquir.
862 2287 918 2325 rer.
931 2273 997 2324 dom.
1016 2278 1058 2333 41,
1080 2279 1102 2324 1.

315 2358 348 2410 ln
361 2359 491 2412 omnibus
504 2358 597 2421 robus,
611 2374 684 2426 quae
698 2355 855 2418 dominium
867 2356 1049 2418 transferunt,
1069 2371 1136 2409 con-

262 2446 359 2498 currat
371 2446 486 2513 oportct
498 2441 617 2497 affectus
630 2460 664 2498 cx
674 2446 795 2510 utruque
804 2444 886 2511 purte
898 2440 1136 2496 contrahentium.

471 2530 656 2582 Isvouuuus:
676 2531 746 2582 155
766 2528 798 2582 D.
818 2530 850 2580 dc
872 2527 900 2581 0.
920 2534 946 2580 et
964 2529 996 2580 Α.
1015 2533 1056 2587 44,
1076 2533 1101 2580 t.

315 2613 378 2667 Nou
397 2615 469 2668 solet
486 2612 591 2667 locatio
611 2611 768 2668 dominium
785 2614 903 2666 mutare.
930 2612 1100 2665 ULPIANUS:
1120 2613 1137 2666 1.

678 2704 710 2753 39
730 2698 763 2750 D.
782 2699 862 2750 locuti
877 2699 1000 2750 conducti
1018 2703 1058 2760 19,
1078 2705 1102 2751 1.

314 2782 426 2838 Accidit
437 2783 600 2852 aliquando,
619 2787 659 2847 ut,
678 2782 727 2852 qui
739 2780 869 2836 dominus
883 2781 927 2845 sit,
940 2781 1065 2836 ulienurc
1078 2800 1139 2837 non

262 2870 361 2940 possit.
391 2885 439 2937 pr.
458 2869 482 2922 J.
501 2865 594 2936 quibus
612 2865 690 2922 alien.
709 2865 771 2921 licet
790 2873 813 2928 1,
832 2873 856 2919 8.

314 2953 449 3009 Dominus
468 2954 658 3008 membrorum
677 2970 791 3007 suorum
810 2968 892 3006 nemo
911 2951 1031 3006 videtur.

415 3039 583 3093 Uunmuus:
602 3039 619 3092 l.
641 3041 676 3093 13'
687 3053 733 3105 pr.
751 3037 783 3091 D.
802 3039 838 3090 cd
849 3035 897 3104 lep.
910 3033 995 3103 Apoll.
1014 3043 1056 3100 45,
1076 3045 1101 3092 1.
