2634 3556
708 303 750 366 40

449 476 709 534 Documentum.
739 469 1018 534 monumentum.

345 589 600 644 Instrumentorum
616 588 730 643 nomine
750 605 784 643 ea
802 587 897 642 omnia
912 587 1080 658 accipienda
1091 593 1167 653 sunt,

296 675 398 744 quibus
417 691 504 728 causa
523 674 625 728 instrui
646 677 749 744 potest.
785 673 918 727 Pnunus:
942 671 958 727 l.
973 675 991 728 '1
1011 674 1044 728 Ι).
1063 677 1096 727 de
1110 675 1167 742 fide

857 769 860 774 “
908 761 1027 813 instrum.
1045 766 1085 823 22,
1104 767 1129 813 4.

345 846 567 900 Instnrmcntum
586 848 718 913 operatur
735 847 870 913 quantum
887 847 1011 914 pactum.

672 1024 791 1079 Dolus.

344 1133 433 1188 Dolus
452 1138 497 1189 cst
515 1133 664 1188 consilium
682 1134 764 1188 alteri
781 1133 911 1190 nocendi.

343 1219 432 1275 Dolus
454 1219 545 1273 malus
569 1223 613 1274 cst
632 1219 805 1275 machinatio
824 1219 963 1288 quaedam
981 1217 1097 1273 alteriue
1116 1219 1164 1272 de·

295 1306 419 1376 cipiendi
439 1321 532 1369 causa,
551 1321 615 1358 cum
633 1303 710 1358 aliud
729 1304 877 1362 simulatur
895 1308 924 1359 et
940 1303 1017 1358 aliud
1034 1303 1135 1374 agitur.

472 1391 637 1444 amnicus:
657 1393 674 1444 l.
694 1399 707 1444 1
728 1391 745 1460 ἕ
765 1397 779 1446 2
798 1391 831 1444 Ι).
850 1393 882 1444 de
900 1393 959 1444 dolo
977 1387 1044 1443 maa
1062 1397 1086 1452 4,
1105 1395 1129 1442 ³.

344 1477 416 1532 Lata
443 1477 526 1546 culpa
548 1477 633 1546 plane
656 1475 721 1530 dolo
746 1475 961 1546 comparabitur.
995 1475 1164 1528 Uanrrus:

490 1563 493 1570 ’
575 1564 591 1615 1.
612 1570 625 1616 1
646 1563 662 1631 5
682 1570 695 1616 1
715 1563 749 1616 D.
767 1565 793 1615 si
808 1577 913 1615 mensor
926 1561 1026 1631 susum
1045 1569 1085 1624 11,
1105 1569 1128 1616 6.

348 1647 439 1717 Culpa
450 1647 516 1702 dolo
528 1647 656 1716 proxima
668 1646 764 1701 dolum
776 1650 979 1717 repraesentat.
996 1647 1163 1700 Ummuus:

621 1730 637 1785 ί.
658 1741 669 1787 1
691 1734 708 1802 5
728 1740 742 1787 2
761 1734 794 1786 1).
812 1735 887 1794 siis,
905 1735 1024 1800 quitest.
1043 1741 1084 1796 47,
1103 1741 1127 1786 4.

347 1819 453 1888 Magna
475 1818 559 1888 culpa
580 1819 660 1872 dolus
680 1822 731 1873 est.
766 1818 900 1872 Faunus:
923 1821 939 1872 1.
959 1819 1112 1874 22611711
1134 1818 1165 1871 V.

980 1904 1006 1968 S,
1026 1912 1067 1968 50,
1088 1911 1128 1960 16.

343 1990 477 2060 Magnam
489 1989 694 2059 negligentiam
703 1989 810 2060 placuit
819 1990 848 2044 in
858 1989 917 2044 doli
926 1990 1042 2044 crimine
1053 1989 1165 2044 cadere.

526 2074 633 2128 Girus:
652 2071 668 2128 l.
690 2084 701 2129 1
723 2076 740 2144 a
759 2083 773 2130 a
793 2076 826 2128 1).
845 2077 878 2129 de
900 2077 929 2129 0.
948 2081 1085 2139 etam,
1104 2084 1128 2130 r.

345 2160 491 2215 Disscluta
509 2159 584 2214 enim
601 2161 777 2230 negligentia
793 2176 882 2231 prope
901 2161 997 2214 dolum
1016 2163 1067 2214 est

510 2245 689 2298 aurnuns:
708 2249 732 2300 l..
744 2253 777 2301 29
790 2263 837 2314 pr.
856 2247 889 2300 Ι).
908 2249 1027 2300 mandeti
1045 2253 1084 2309 17,
1105 2253 1129 2300 1.

346 2329 420 2385 Dolo
438 2331 513 2385 malo
531 2334 647 2401 pactum
665 2331 707 2396 fit,
727 2331 838 2400 quoties
857 2330 1106 2386 circumscribendi
1125 2331 1164 2384 al·

292 2415 379 2470 terius
399 2432 485 2470 cauea
502 2417 579 2470 aliud
597 2418 691 2488 agitur
708 2421 738 2472 ct
754 2417 831 2471 aliud
849 2416 897 2487 agi
915 2417 1069 2471 simulatur.

511 2501 676 2556 ULPIANUS:
696 2505 712 2556 l.
733 2511 746 2557 7
766 2503 783 2572 ὅ
803 2503 870 2557 91).
889 2505 1025 2570 depactis
1044 2510 1066 2566 2,
1087 2510 1128 2556 14.

342 2585 450 2641 Videor
468 2587 564 2641 dolum
581 2589 688 2642 malum
704 2587 807 2652 faeere,
826 2588 874 2658 qui
893 2604 927 2641 ex
944 2588 1038 2642 aliena
1053 2587 1166 2641 iactura

291 2673 401 2725 lucnrm
419 2689 561 2740 quaeram.
596 2673 728 2727 PAULUS:
750 2676 768 2726 1.
789 2682 818 2728 17
839 2675 856 2742 ἕ
874 2681 891 2728 4
909 2674 942 2727 D.
961 2675 994 2726 de
1011 2676 1092 2727 instit.
1111 2679 1165 2727 cot.

1043 2766 1083 2822 14,
1103 2765 1127 2813 3.

341 2842 431 2897 Nemo
450 2843 562 2897 videtur
584 2844 650 2898 dolo
673 2844 800 2912 exsequi,
828 2844 876 2913 qui
902 2845 1015 2914 ignorat
1040 2861 1164 2908 causam,

294 2945 343 2982 cur
360 2945 419 2982 non
436 2928 541 2983 debeat
556 2933 663 2998 petere.
698 2929 830 2983 Piuuus:
848 2927 865 2984 l.
886 2938 934 2985 177
954 2931 971 2998 fi
991 2939 1004 2984 1
1024 2931 1059 2984 D.
1076 2932 1110 2984 de
1128 2931 1163 2985 R.

981 3017 1066 3080 J.50‚
1087 3026 1127 3072 17.
