<?xml version="1.0" encoding="UTF-8"?>
<!DOCTYPE html PUBLIC "-//W3C//DTD XHTML 1.0 Transitional//EN"
    "http://www.w3.org/TR/xhtml1/DTD/xhtml1-transitional.dtd">
<html xmlns="http://www.w3.org/1999/xhtml" xml:lang="en" lang="en">
 <head>
  <title>
</title>
<meta http-equiv="Content-Type" content="text/html;charset=utf-8" />
  <meta name='ocr-system' content='tesseract 3.04.00' />
  <meta name='ocr-capabilities' content='ocr_page ocr_carea ocr_par ocr_line ocrx_word'/>
</head>
<body>
  <div class='ocr_page' id='page_1' title='image "./regulaeiuris00fromgoog_0109.png"; bbox 0 0 2666 3560; ppageno 0'>
   <div class='ocr_carea' id='block_1_1' title="bbox 667 253 729 317">
    <p class='ocr_par' dir='ltr' id='par_1_1' title="bbox 667 253 729 317">
     <span class='ocr_line' id='line_1_1' title="bbox 667 253 729 317; baseline -0.032 0"><span class='ocrx_word' id='word_1_1' title='bbox 667 253 729 317; x_wconf 88' lang='lat'>100</span> 
     </span>
    </p>
   </div>
   <div class='ocr_carea' id='block_1_2' title="bbox 314 410 1137 586">
    <p class='ocr_par' dir='ltr' id='par_1_2' title="bbox 314 410 1137 586">
     <span class='ocr_line' id='line_1_2' title="bbox 314 410 921 502; baseline -0.046 -12"><span class='ocrx_word' id='word_1_2' title='bbox 314 435 359 490; x_wconf 86' lang='lat' dir='ltr'>Ad</span> <span class='ocrx_word' id='word_1_3' title='bbox 375 427 563 502; x_wconf 89' lang='lat' dir='ltr'>impossibilia</span> <span class='ocrx_word' id='word_1_4' title='bbox 579 423 658 478; x_wconf 85' lang='lat' dir='ltr'>nulla</span> <span class='ocrx_word' id='word_1_5' title='bbox 676 421 758 473; x_wconf 88' lang='lat' dir='ltr'>datur</span> <span class='ocrx_word' id='word_1_6' title='bbox 776 410 921 482; x_wconf 78' lang='lat' dir='ltr'>obligatio.</span> 
     </span>
     <span class='ocr_line' id='line_1_3' title="bbox 316 483 1137 586; baseline -0.051 -10"><span class='ocrx_word' id='word_1_7' title='bbox 316 519 397 586; x_wconf 78' lang='lat' dir='ltr'>Quod</span> <span class='ocrx_word' id='word_1_8' title='bbox 423 515 526 570; x_wconf 91' lang='lat' dir='ltr'>nullius</span> <span class='ocrx_word' id='word_1_9' title='bbox 555 526 616 566; x_wconf 90' lang='lat' dir='ltr'>esse</span> <span class='ocrx_word' id='word_1_10' title='bbox 643 507 751 576; x_wconf 90' lang='lat' dir='ltr'>potest,</span> <span class='ocrx_word' id='word_1_11' title='bbox 781 501 811 555; x_wconf 91' lang='lat' dir='ltr'>id</span> <span class='ocrx_word' id='word_1_12' title='bbox 838 501 871 552; x_wconf 95' lang='lat' dir='ltr'>ut</span> <span class='ocrx_word' id='word_1_13' title='bbox 900 490 1019 548; x_wconf 90' lang='lat' dir='ltr'>alicuius</span> <span class='ocrx_word' id='word_1_14' title='bbox 1045 483 1137 542; x_wconf 83' lang='lat' dir='ltr'>fieret,</span> 
     </span>
    </p>
   </div>
   <div class='ocr_carea' id='block_1_3' title="bbox 262 568 1138 720">
    <p class='ocr_par' dir='ltr' id='par_1_3' title="bbox 262 568 1138 720">
     <span class='ocr_line' id='line_1_4' title="bbox 262 568 1138 715; baseline -0.051 -51"><span class='ocrx_word' id='word_1_15' title='bbox 262 609 344 663; x_wconf 88' lang='lat' dir='ltr'>nulla</span> <span class='ocrx_word' id='word_1_16' title='bbox 371 601 507 672; x_wconf 72' lang='lat' dir='ltr'>obligatio</span> <span class='ocrx_word' id='word_1_17' title='bbox 534 597 612 652; x_wconf 86' lang='lat' dir='ltr'>valet</span> <span class='ocrx_word' id='word_1_18' title='bbox 639 591 757 646; x_wconf 86' lang='lat' dir='ltr'>efficere.</span> <span class='ocrx_word' id='word_1_19' title='bbox 792 585 925 639; x_wconf 76' lang='lat' dir='ltr'>Pronus:</span> <span class='ocrx_word' id='word_1_20' title='bbox 945 580 1030 715; x_wconf 68' lang='lat' dir='ltr'>LJlssa</span> <span class='ocrx_word' id='word_1_21' title='bbox 1050 571 1084 624; x_wconf 84' lang='lat' dir='ltr'>D.</span> <span class='ocrx_word' id='word_1_22' title='bbox 1102 568 1138 619; x_wconf 85' lang='lat' dir='ltr'>dc</span> 
     </span>
     <span class='ocr_line' id='line_1_5' title="bbox 900 663 1101 720; baseline -0.07 0"><span class='ocrx_word' id='word_1_23' title='bbox 900 667 933 719; x_wconf 83' lang='lat' dir='ltr'>R.</span> <span class='ocrx_word' id='word_1_24' title='bbox 972 702 978 715; x_wconf 90' lang='lat'><strong>.</strong></span> <span class='ocrx_word' id='word_1_25' title='bbox 997 665 1038 720; x_wconf 83' lang='lat'>50,</span> <span class='ocrx_word' id='word_1_26' title='bbox 1058 663 1101 708; x_wconf 81' lang='grc'>17.</span> 
     </span>
    </p>
   </div>
   <div class='ocr_carea' id='block_1_4' title="bbox 271 762 1146 1184">
    <p class='ocr_par' dir='ltr' id='par_1_4' title="bbox 276 762 865 916">
     <span class='ocr_line' id='line_1_6' title="bbox 318 762 707 839; baseline -0.044 -8"><span class='ocrx_word' id='word_1_27' title='bbox 318 775 361 832; x_wconf 82' lang='lat' dir='ltr'>Ex</span> <span class='ocrx_word' id='word_1_28' title='bbox 379 774 424 828; x_wconf 85' lang='lat' dir='ltr'>die</span> <span class='ocrx_word' id='word_1_29' title='bbox 442 769 543 839; x_wconf 78' lang='lat' dir='ltr'><strong>incipit</strong></span> <span class='ocrx_word' id='word_1_30' title='bbox 561 762 707 837; x_wconf 88' lang='lat' dir='ltr'>obligatio.</span> 
     </span>
     <span class='ocr_line' id='line_1_7' title="bbox 276 844 865 916; baseline -0.041 1"><span class='ocrx_word' id='word_1_31' title='bbox 276 892 281 902; x_wconf 91' lang='lat'><strong>·</strong></span> <span class='ocrx_word' id='word_1_32' title='bbox 320 861 386 916; x_wconf 87' lang='lat' dir='ltr'>Dies</span> <span class='ocrx_word' id='word_1_33' title='bbox 404 875 462 911; x_wconf 92' lang='lat' dir='ltr'>non</span> <span class='ocrx_word' id='word_1_34' title='bbox 478 854 634 909; x_wconf 77' lang='lat' dir='ltr'>remoratur</span> <span class='ocrx_word' id='word_1_35' title='bbox 652 844 865 914; x_wconf 77' lang='lat' dir='ltr'>obligationem.</span> 
     </span>
    </p>

    <p class='ocr_par' dir='ltr' id='par_1_5' title="bbox 322 915 956 1003">
     <span class='ocr_line' id='line_1_8' title="bbox 322 915 956 1003; baseline -0.038 -2"><span class='ocrx_word' id='word_1_36' title='bbox 322 944 425 1001; x_wconf 84' lang='lat' dir='ltr'>Statim</span> <span class='ocrx_word' id='word_1_37' title='bbox 443 942 570 1000; x_wconf 85' lang='lat' dir='ltr'>debetur,</span> <span class='ocrx_word' id='word_1_38' title='bbox 589 935 666 1003; x_wconf 91' lang='lat' dir='ltr'>quod</span> <span class='ocrx_word' id='word_1_39' title='bbox 684 931 743 985; x_wconf 89' lang='lat' dir='ltr'>sine</span> <span class='ocrx_word' id='word_1_40' title='bbox 762 929 808 982; x_wconf 91' lang='lat' dir='ltr'>die</span> <span class='ocrx_word' id='word_1_41' title='bbox 827 915 956 980; x_wconf 87' lang='lat' dir='ltr'>debetur.</span> 
     </span>
    </p>

    <p class='ocr_par' dir='ltr' id='par_1_6' title="bbox 271 1005 1146 1184">
     <span class='ocr_line' id='line_1_9' title="bbox 321 1005 1143 1090; baseline -0.043 -5"><span class='ocrx_word' id='word_1_42' title='bbox 321 1033 356 1085; x_wconf 91' lang='lat' dir='ltr'>ln</span> <span class='ocrx_word' id='word_1_43' title='bbox 374 1027 503 1083; x_wconf 90' lang='lat' dir='ltr'>omnibus</span> <span class='ocrx_word' id='word_1_44' title='bbox 522 1017 751 1090; x_wconf 84' lang='lat' dir='ltr'>obligationibus,</span> <span class='ocrx_word' id='word_1_45' title='bbox 769 1014 800 1066; x_wconf 91' lang='lat' dir='ltr'>in</span> <span class='ocrx_word' id='word_1_46' title='bbox 818 1010 921 1079; x_wconf 91' lang='lat' dir='ltr'>quibus</span> <span class='ocrx_word' id='word_1_47' title='bbox 941 1005 1002 1059; x_wconf 89' lang='lat' dir='ltr'>dies</span> <span class='ocrx_word' id='word_1_48' title='bbox 1020 1017 1078 1055; x_wconf 89' lang='lat' dir='ltr'>non</span> <span class='ocrx_word' id='word_1_49' title='bbox 1089 1013 1143 1068; x_wconf 89' lang='lat' dir='ltr'>po·</span> 
     </span>
     <span class='ocr_line' id='line_1_10' title="bbox 271 1084 1146 1184; baseline -0.043 -11"><span class='ocrx_word' id='word_1_50' title='bbox 271 1119 356 1181; x_wconf 86' lang='lat' dir='ltr'>nitur,</span> <span class='ocrx_word' id='word_1_51' title='bbox 373 1111 519 1184; x_wconf 84' lang='lat' dir='ltr'>praesenti</span> <span class='ocrx_word' id='word_1_52' title='bbox 537 1107 581 1161; x_wconf 90' lang='lat' dir='ltr'>die</span> <span class='ocrx_word' id='word_1_53' title='bbox 601 1106 726 1159; x_wconf 86' lang='lat' dir='ltr'>debetur.</span> <span class='ocrx_word' id='word_1_54' title='bbox 760 1101 950 1154; x_wconf 75' lang='lat' dir='ltr'>POMPONIUS:</span> <span class='ocrx_word' id='word_1_55' title='bbox 970 1095 986 1144; x_wconf 79' lang='grc' dir='ltr'>Ι.</span> <span class='ocrx_word' id='word_1_56' title='bbox 1007 1097 1040 1143; x_wconf 88' lang='grc'>14</span> <span class='ocrx_word' id='word_1_57' title='bbox 1059 1087 1093 1140; x_wconf 80' lang='lat' dir='ltr'>J).</span> <span class='ocrx_word' id='word_1_58' title='bbox 1112 1084 1146 1135; x_wconf 81' lang='lat' dir='ltr'>dc</span> 
     </span>
    </p>
   </div>
   <div class='ocr_carea' id='block_1_5' title="bbox 815 1172 1155 1236">
    <p class='ocr_par' dir='ltr' id='par_1_7' title="bbox 815 1172 1155 1236">
     <span class='ocr_line' id='line_1_11' title="bbox 815 1172 1155 1236; baseline -0.047 1"><span class='ocrx_word' id='word_1_59' title='bbox 815 1202 817 1206; x_wconf 84' lang='lat'>·</span> <span class='ocrx_word' id='word_1_60' title='bbox 910 1178 1111 1236; x_wconf 81' lang='lat' dir='ltr'>R.J.50,1r.</span> <span class='ocrx_word' id='word_1_61' title='bbox 1153 1172 1155 1174; x_wconf 71' lang='grc'><strong>’</strong></span> 
     </span>
    </p>
   </div>
   <div class='ocr_carea' id='block_1_6' title="bbox 273 1259 1173 2940">
    <p class='ocr_par' dir='ltr' id='par_1_8' title="bbox 273 1259 1173 2940">
     <span class='ocr_line' id='line_1_12' title="bbox 326 1259 1147 1353; baseline -0.044 -12"><span class='ocrx_word' id='word_1_62' title='bbox 326 1287 405 1352; x_wconf 81' lang='lat' dir='ltr'>Quae</span> <span class='ocrx_word' id='word_1_63' title='bbox 416 1301 467 1353; x_wconf 89' lang='lat' dir='ltr'>per</span> <span class='ocrx_word' id='word_1_64' title='bbox 479 1297 572 1335; x_wconf 89' lang='lat' dir='ltr'>rernm</span> <span class='ocrx_word' id='word_1_65' title='bbox 583 1279 715 1330; x_wconf 89' lang='lat' dir='ltr'>naturam</span> <span class='ocrx_word' id='word_1_66' title='bbox 733 1273 799 1326; x_wconf 92' lang='lat' dir='ltr'>sunt</span> <span class='ocrx_word' id='word_1_67' title='bbox 816 1270 902 1329; x_wconf 90' lang='lat' dir='ltr'>certa,</span> <span class='ocrx_word' id='word_1_68' title='bbox 920 1281 979 1318; x_wconf 92' lang='lat' dir='ltr'>non</span> <span class='ocrx_word' id='word_1_69' title='bbox 996 1259 1147 1314; x_wconf 88' lang='lat' dir='ltr'>morantur</span> 
     </span>
     <span class='ocr_line' id='line_1_13' title="bbox 273 1341 1150 1442; baseline -0.042 -14"><span class='ocrx_word' id='word_1_70' title='bbox 273 1369 491 1442; x_wconf 82' lang='lat' dir='ltr'>obligationem,</span> <span class='ocrx_word' id='word_1_71' title='bbox 512 1365 580 1418; x_wconf 90' lang='lat' dir='ltr'>licet</span> <span class='ocrx_word' id='word_1_72' title='bbox 603 1360 679 1430; x_wconf 89' lang='lat' dir='ltr'>apud</span> <span class='ocrx_word' id='word_1_73' title='bbox 700 1375 752 1412; x_wconf 89' lang='lat' dir='ltr'>nos</span> <span class='ocrx_word' id='word_1_74' title='bbox 769 1355 879 1409; x_wconf 88' lang='lat' dir='ltr'>incerta</span> <span class='ocrx_word' id='word_1_75' title='bbox 898 1351 962 1404; x_wconf 88' lang='lat' dir='ltr'>sint.</span> <span class='ocrx_word' id='word_1_76' title='bbox 998 1348 1015 1414; x_wconf 59' lang='lat' dir='ltr'>g</span> <span class='ocrx_word' id='word_1_77' title='bbox 1037 1350 1051 1397; x_wconf 88' lang='lat'><strong>6</strong></span> <span class='ocrx_word' id='word_1_78' title='bbox 1070 1342 1096 1395; x_wconf 90' lang='lat' dir='ltr'>J.</span> <span class='ocrx_word' id='word_1_79' title='bbox 1116 1341 1150 1392; x_wconf 82' lang='lat' dir='ltr'>dc</span> 
     </span>
     <span class='ocr_line' id='line_1_14' title="bbox 927 1433 1113 1492; baseline -0.048 -3"><span class='ocrx_word' id='word_1_80' title='bbox 927 1436 955 1489; x_wconf 88' lang='lat' dir='ltr'>V.</span> <span class='ocrx_word' id='word_1_81' title='bbox 978 1433 1007 1486; x_wconf 87' lang='lat'>0.</span> <span class='ocrx_word' id='word_1_82' title='bbox 1027 1437 1051 1492; x_wconf 84' lang='lat'>3,</span> <span class='ocrx_word' id='word_1_83' title='bbox 1072 1433 1113 1482; x_wconf 79' lang='grc'>16.</span> 
     </span>
     <span class='ocr_line' id='line_1_15' title="bbox 331 1513 1151 1606; baseline -0.043 -10"><span class='ocrx_word' id='word_1_84' title='bbox 331 1540 495 1606; x_wconf 81' lang='lat' dir='ltr'>Quicunque</span> <span class='ocrx_word' id='word_1_85' title='bbox 515 1533 566 1586; x_wconf 91' lang='lat' dir='ltr'>sub</span> <span class='ocrx_word' id='word_1_86' title='bbox 586 1528 746 1585; x_wconf 88' lang='lat' dir='ltr'>conditione</span> <span class='ocrx_word' id='word_1_87' title='bbox 765 1523 910 1593; x_wconf 90' lang='lat' dir='ltr'>obligatus</span> <span class='ocrx_word' id='word_1_88' title='bbox 930 1513 1087 1574; x_wconf 83' lang='lat' dir='ltr'>curaverit,</span> <span class='ocrx_word' id='word_1_89' title='bbox 1112 1525 1151 1562; x_wconf 92' lang='lat' dir='ltr'>ne</span> 
     </span>
     <span class='ocr_line' id='line_1_16' title="bbox 276 1597 1155 1684; baseline -0.042 0"><span class='ocrx_word' id='word_1_90' title='bbox 276 1625 404 1684; x_wconf 84' lang='lat' dir='ltr'>conditio</span> <span class='ocrx_word' id='word_1_91' title='bbox 423 1621 568 1681; x_wconf 82' lang='lat' dir='ltr'>existeret,</span> <span class='ocrx_word' id='word_1_92' title='bbox 586 1613 766 1668; x_wconf 90' lang='lat' dir='ltr'>nihilominus</span> <span class='ocrx_word' id='word_1_93' title='bbox 785 1609 937 1678; x_wconf 85' lang='lat' dir='ltr'>obligatur.</span> <span class='ocrx_word' id='word_1_94' title='bbox 973 1603 1113 1656; x_wconf 74' lang='lat' dir='ltr'>Pronus:</span> <span class='ocrx_word' id='word_1_95' title='bbox 1134 1597 1155 1648; x_wconf 87' lang='lat' dir='ltr'>l.</span> 
     </span>
     <span class='ocr_line' id='line_1_17' title="bbox 701 1687 1119 1764; baseline -0.043 -12"><span class='ocrx_word' id='word_1_96' title='bbox 701 1687 1119 1764; x_wconf 49' lang='lat' dir='ltr'>swinauumn</span> 
     </span>
     <span class='ocr_line' id='line_1_18' title="bbox 333 1765 1156 1860; baseline -0.036 -12"><span class='ocrx_word' id='word_1_97' title='bbox 333 1790 476 1860; x_wconf 77' lang='lat' dir='ltr'>Quidquid</span> <span class='ocrx_word' id='word_1_98' title='bbox 498 1785 714 1854; x_wconf 83' lang='lat' dir='ltr'>adstringendae</span> <span class='ocrx_word' id='word_1_99' title='bbox 737 1777 919 1848; x_wconf 86' lang='lat' dir='ltr'>obligationis</span> <span class='ocrx_word' id='word_1_100' title='bbox 943 1776 1000 1834; x_wconf 90' lang='lat' dir='ltr'>est,</span> <span class='ocrx_word' id='word_1_101' title='bbox 1023 1770 1068 1831; x_wconf 89' lang='lat' dir='ltr'>id,</span> <span class='ocrx_word' id='word_1_102' title='bbox 1096 1765 1156 1820; x_wconf 89' lang='lat' dir='ltr'>nisi</span> 
     </span>
     <span class='ocr_line' id='line_1_19' title="bbox 279 1855 1140 1952; baseline -0.035 -17"><span class='ocrx_word' id='word_1_103' title='bbox 279 1883 377 1952; x_wconf 88' lang='lat' dir='ltr'>palam</span> <span class='ocrx_word' id='word_1_104' title='bbox 393 1875 486 1931; x_wconf 87' lang='lat' dir='ltr'>verbis</span> <span class='ocrx_word' id='word_1_105' title='bbox 505 1871 675 1940; x_wconf 84' lang='lat' dir='ltr'>exprimitur,</span> <span class='ocrx_word' id='word_1_106' title='bbox 694 1867 829 1921; x_wconf 92' lang='lat' dir='ltr'>omissum</span> <span class='ocrx_word' id='word_1_107' title='bbox 846 1858 1066 1928; x_wconf 90' lang='lat' dir='ltr'>intelligendum</span> <span class='ocrx_word' id='word_1_108' title='bbox 1085 1855 1140 1907; x_wconf 85' lang='lat' dir='ltr'>cst.</span> 
     </span>
     <span class='ocr_line' id='line_1_20' title="bbox 533 1944 1122 2018; baseline -0.032 -8"><span class='ocrx_word' id='word_1_109' title='bbox 533 1957 658 2010; x_wconf 77' lang='lat' dir='ltr'>Onasus:</span> <span class='ocrx_word' id='word_1_110' title='bbox 677 1956 693 2006; x_wconf 85' lang='lat' dir='ltr'>l.</span> <span class='ocrx_word' id='word_1_111' title='bbox 713 1961 744 2007; x_wconf 82' lang='lat'>99</span> <span class='ocrx_word' id='word_1_112' title='bbox 758 1967 804 2018; x_wconf 81' lang='lat' dir='ltr'>pr.</span> <span class='ocrx_word' id='word_1_113' title='bbox 822 1950 856 2002; x_wconf 78' lang='lat'>1).</span> <span class='ocrx_word' id='word_1_114' title='bbox 875 1950 908 2000; x_wconf 81' lang='lat' dir='ltr'>dc</span> <span class='ocrx_word' id='word_1_115' title='bbox 932 1945 959 1998; x_wconf 89' lang='lat' dir='ltr'>V.</span> <span class='ocrx_word' id='word_1_116' title='bbox 983 1944 1011 1997; x_wconf 90' lang='lat'>0.</span> <span class='ocrx_word' id='word_1_117' title='bbox 1031 1949 1075 2003; x_wconf 85' lang='lat'>45,</span> <span class='ocrx_word' id='word_1_118' title='bbox 1096 1948 1122 1992; x_wconf 92' lang='lat'>1.</span> 
     </span>
     <span class='ocr_line' id='line_1_21' title="bbox 335 2025 1162 2107; baseline -0.034 -5"><span class='ocrx_word' id='word_1_119' title='bbox 335 2051 363 2102; x_wconf 88' lang='lat' dir='ltr'>ls</span> <span class='ocrx_word' id='word_1_120' title='bbox 380 2050 482 2100; x_wconf 92' lang='lat' dir='ltr'>natura</span> <span class='ocrx_word' id='word_1_121' title='bbox 500 2043 596 2104; x_wconf 85' lang='lat' dir='ltr'>debet,</span> <span class='ocrx_word' id='word_1_122' title='bbox 620 2057 703 2107; x_wconf 92' lang='lat' dir='ltr'>quem</span> <span class='ocrx_word' id='word_1_123' title='bbox 719 2038 779 2091; x_wconf 91' lang='lat' dir='ltr'>iure</span> <span class='ocrx_word' id='word_1_124' title='bbox 799 2033 928 2102; x_wconf 89' lang='lat' dir='ltr'>gentium</span> <span class='ocrx_word' id='word_1_125' title='bbox 947 2029 1014 2082; x_wconf 85' lang='lat' dir='ltr'>dare</span> <span class='ocrx_word' id='word_1_126' title='bbox 1034 2025 1162 2095; x_wconf 88' lang='lat' dir='ltr'>oportet,</span> 
     </span>
     <span class='ocr_line' id='line_1_22' title="bbox 285 2112 1164 2188; baseline -0.031 0"><span class='ocrx_word' id='word_1_127' title='bbox 285 2134 366 2188; x_wconf 91' lang='lat' dir='ltr'>cuius</span> <span class='ocrx_word' id='word_1_128' title='bbox 383 2132 468 2185; x_wconf 89' lang='lat' dir='ltr'>fidem</span> <span class='ocrx_word' id='word_1_129' title='bbox 489 2126 580 2182; x_wconf 88' lang='lat' dir='ltr'>secuti</span> <span class='ocrx_word' id='word_1_130' title='bbox 601 2142 703 2178; x_wconf 90' lang='lat' dir='ltr'>sumus.</span> <span class='ocrx_word' id='word_1_131' title='bbox 739 2121 874 2175; x_wconf 70' lang='lat' dir='ltr'>Petinus:</span> <span class='ocrx_word' id='word_1_132' title='bbox 900 2119 969 2170; x_wconf 79' lang='grc'>1.·84</span> <span class='ocrx_word' id='word_1_133' title='bbox 993 2115 1010 2181; x_wconf 62' lang='grc' dir='ltr'>ᾖ</span> <span class='ocrx_word' id='word_1_134' title='bbox 1034 2121 1045 2166; x_wconf 90' lang='grc'>1</span> <span class='ocrx_word' id='word_1_135' title='bbox 1067 2112 1102 2165; x_wconf 80' lang='lat' dir='ltr'>J).</span> <span class='ocrx_word' id='word_1_136' title='bbox 1125 2112 1164 2162; x_wconf 85' lang='lat' dir='ltr'>dc</span> 
     </span>
     <span class='ocr_line' id='line_1_23' title="bbox 920 2200 1125 2259; baseline -0.034 -5"><span class='ocrx_word' id='word_1_137' title='bbox 920 2203 953 2254; x_wconf 86' lang='lat' dir='ltr'>R.</span> <span class='ocrx_word' id='word_1_138' title='bbox 972 2200 998 2253; x_wconf 85' lang='lat' dir='ltr'>J.</span> <span class='ocrx_word' id='word_1_139' title='bbox 1018 2204 1060 2259; x_wconf 82' lang='lat'>50,</span> <span class='ocrx_word' id='word_1_140' title='bbox 1081 2204 1125 2249; x_wconf 83' lang='lat'>17.</span> 
     </span>
     <span class='ocr_line' id='line_1_24' title="bbox 339 2281 1165 2366; baseline -0.027 -12"><span class='ocrx_word' id='word_1_141' title='bbox 339 2300 439 2354; x_wconf 89' lang='lat' dir='ltr'>Verbis</span> <span class='ocrx_word' id='word_1_142' title='bbox 462 2298 630 2366; x_wconf 89' lang='lat' dir='ltr'>obligamur,</span> <span class='ocrx_word' id='word_1_143' title='bbox 658 2311 722 2348; x_wconf 90' lang='lat' dir='ltr'>cum</span> <span class='ocrx_word' id='word_1_144' title='bbox 743 2288 893 2360; x_wconf 89' lang='lat' dir='ltr'>praecedit</span> <span class='ocrx_word' id='word_1_145' title='bbox 913 2281 1106 2353; x_wconf 86' lang='lat' dir='ltr'>interrogatio</span> <span class='ocrx_word' id='word_1_146' title='bbox 1132 2283 1165 2334; x_wconf 87' lang='lat' dir='ltr'>et</span> 
     </span>
     <span class='ocr_line' id='line_1_25' title="bbox 287 2367 1162 2454; baseline -0.025 -14"><span class='ocrx_word' id='word_1_147' title='bbox 287 2385 415 2454; x_wconf 87' lang='lat' dir='ltr'>sequitur</span> <span class='ocrx_word' id='word_1_148' title='bbox 433 2399 588 2451; x_wconf 83' lang='lat' dir='ltr'>congruens</span> <span class='ocrx_word' id='word_1_149' title='bbox 605 2377 759 2448; x_wconf 91' lang='lat' dir='ltr'>responsio.</span> <span class='ocrx_word' id='word_1_150' title='bbox 786 2375 998 2429; x_wconf 74' lang='lat' dir='ltr'>MODESTINUS:</span> <span class='ocrx_word' id='word_1_151' title='bbox 1019 2371 1035 2422; x_wconf 87' lang='lat' dir='ltr'>l.</span> <span class='ocrx_word' id='word_1_152' title='bbox 1056 2374 1090 2422; x_wconf 71' lang='lat'>52</span> <span class='ocrx_word' id='word_1_153' title='bbox 1111 2367 1162 2434; x_wconf 73' lang='lat'>§2</span> 
     </span>
     <span class='ocr_line' id='line_1_26' title="bbox 788 2457 1129 2515; baseline -0.032 0"><span class='ocrx_word' id='word_1_154' title='bbox 788 2462 820 2514; x_wconf 86' lang='lat' dir='ltr'>D.</span> <span class='ocrx_word' id='word_1_155' title='bbox 839 2463 873 2514; x_wconf 83' lang='lat' dir='ltr'>dc</span> <span class='ocrx_word' id='word_1_156' title='bbox 895 2461 924 2512; x_wconf 89' lang='lat'>0.</span> <span class='ocrx_word' id='word_1_157' title='bbox 942 2463 968 2511; x_wconf 80' lang='lat' dir='ltr'>ct</span> <span class='ocrx_word' id='word_1_158' title='bbox 986 2457 1019 2508; x_wconf 79' lang='lat' dir='ltr'>A.</span> <span class='ocrx_word' id='word_1_159' title='bbox 1039 2463 1083 2515; x_wconf 89' lang='lat'>44,</span> <span class='ocrx_word' id='word_1_160' title='bbox 1104 2460 1129 2504; x_wconf 80' lang='lat'>⁷.</span> 
     </span>
     <span class='ocr_line' id='line_1_27' title="bbox 342 2542 1168 2621; baseline -0.028 -14"><span class='ocrx_word' id='word_1_161' title='bbox 342 2553 383 2606; x_wconf 87' lang='lat' dir='ltr'>Re</span> <span class='ocrx_word' id='word_1_162' title='bbox 394 2552 558 2621; x_wconf 88' lang='lat' dir='ltr'>obligamur,</span> <span class='ocrx_word' id='word_1_163' title='bbox 569 2568 632 2604; x_wconf 90' lang='lat' dir='ltr'>cum</span> <span class='ocrx_word' id='word_1_164' title='bbox 640 2567 684 2603; x_wconf 90' lang='lat' dir='ltr'>res</span> <span class='ocrx_word' id='word_1_165' title='bbox 693 2549 757 2617; x_wconf 90' lang='lat' dir='ltr'>ipsa</span> <span class='ocrx_word' id='word_1_166' title='bbox 764 2545 925 2600; x_wconf 88' lang='lat' dir='ltr'>intercedit.</span> <span class='ocrx_word' id='word_1_167' title='bbox 947 2542 1168 2596; x_wconf 67' lang='lat' dir='ltr'>nomenatus:</span> 
     </span>
     <span class='ocr_line' id='line_1_28' title="bbox 633 2628 1133 2700; baseline -0.028 -12"><span class='ocrx_word' id='word_1_168' title='bbox 633 2637 649 2687; x_wconf 83' lang='grc'>1.</span> <span class='ocrx_word' id='word_1_169' title='bbox 669 2641 700 2688; x_wconf 75' lang='lat'>52</span> <span class='ocrx_word' id='word_1_170' title='bbox 719 2634 736 2700; x_wconf 60' lang='lat' dir='ltr'>t</span> <span class='ocrx_word' id='word_1_171' title='bbox 756 2641 769 2685; x_wconf 93' lang='lat'>1</span> <span class='ocrx_word' id='word_1_172' title='bbox 791 2632 823 2686; x_wconf 84' lang='lat' dir='ltr'>D.</span> <span class='ocrx_word' id='word_1_173' title='bbox 842 2633 875 2682; x_wconf 86' lang='lat' dir='ltr'>de</span> <span class='ocrx_word' id='word_1_174' title='bbox 898 2630 926 2683; x_wconf 90' lang='lat'>0.</span> <span class='ocrx_word' id='word_1_175' title='bbox 946 2628 1023 2681; x_wconf 80' lang='lat' dir='ltr'>ctA.</span> <span class='ocrx_word' id='word_1_176' title='bbox 1044 2632 1086 2684; x_wconf 87' lang='lat'>44,</span> <span class='ocrx_word' id='word_1_177' title='bbox 1107 2629 1133 2674; x_wconf 84' lang='grc'>7.</span> 
     </span>
     <span class='ocr_line' id='line_1_29' title="bbox 344 2707 1172 2786; baseline -0.024 -11"><span class='ocrx_word' id='word_1_178' title='bbox 344 2721 385 2775; x_wconf 87' lang='lat' dir='ltr'>Re</span> <span class='ocrx_word' id='word_1_179' title='bbox 403 2723 433 2774; x_wconf 91' lang='lat' dir='ltr'>et</span> <span class='ocrx_word' id='word_1_180' title='bbox 451 2719 541 2773; x_wconf 90' lang='lat' dir='ltr'>verbis</span> <span class='ocrx_word' id='word_1_181' title='bbox 559 2718 664 2786; x_wconf 87' lang='lat' dir='ltr'>pariter</span> <span class='ocrx_word' id='word_1_182' title='bbox 681 2717 852 2785; x_wconf 88' lang='lat' dir='ltr'>obligamur,</span> <span class='ocrx_word' id='word_1_183' title='bbox 877 2732 942 2768; x_wconf 89' lang='lat' dir='ltr'>cum</span> <span class='ocrx_word' id='word_1_184' title='bbox 965 2715 995 2766; x_wconf 88' lang='lat' dir='ltr'>et</span> <span class='ocrx_word' id='word_1_185' title='bbox 1015 2726 1063 2763; x_wconf 89' lang='lat' dir='ltr'>res</span> <span class='ocrx_word' id='word_1_186' title='bbox 1081 2707 1172 2760; x_wconf 90' lang='lat' dir='ltr'>inter-</span> 
     </span>
     <span class='ocr_line' id='line_1_30' title="bbox 292 2791 1173 2875; baseline -0.02 -15"><span class='ocrx_word' id='word_1_187' title='bbox 292 2804 434 2875; x_wconf 88' lang='lat' dir='ltr'>rogationi</span> <span class='ocrx_word' id='word_1_188' title='bbox 450 2804 607 2859; x_wconf 89' lang='lat' dir='ltr'>interoedit.</span> <span class='ocrx_word' id='word_1_189' title='bbox 642 2803 852 2856; x_wconf 78' lang='lat' dir='ltr'>Monnsrmus:</span> <span class='ocrx_word' id='word_1_190' title='bbox 870 2801 887 2853; x_wconf 90' lang='lat' dir='ltr'>l.</span> <span class='ocrx_word' id='word_1_191' title='bbox 907 2806 939 2853; x_wconf 82' lang='lat'>52</span> <span class='ocrx_word' id='word_1_192' title='bbox 959 2798 976 2865; x_wconf 65' lang='grc' dir='ltr'><strong>ἓ</strong></span> <span class='ocrx_word' id='word_1_193' title='bbox 997 2803 1011 2850; x_wconf 86' lang='grc'><strong>3</strong></span> <span class='ocrx_word' id='word_1_194' title='bbox 1032 2795 1066 2848; x_wconf 80' lang='lat' dir='ltr'>J).</span> <span class='ocrx_word' id='word_1_195' title='bbox 1086 2795 1121 2845; x_wconf 84' lang='lat' dir='ltr'>dc</span> <span class='ocrx_word' id='word_1_196' title='bbox 1138 2791 1173 2844; x_wconf 89' lang='lat'>0.</span> 
     </span>
     <span class='ocr_line' id='line_1_31' title="bbox 949 2883 1138 2940; baseline -0.032 -5"><span class='ocrx_word' id='word_1_197' title='bbox 949 2887 975 2935; x_wconf 84' lang='lat' dir='ltr'>ct</span> <span class='ocrx_word' id='word_1_198' title='bbox 992 2883 1026 2932; x_wconf 85' lang='grc' dir='ltr'>Α.</span> <span class='ocrx_word' id='word_1_199' title='bbox 1046 2887 1090 2940; x_wconf 87' lang='grc'>44,</span> <span class='ocrx_word' id='word_1_200' title='bbox 1112 2885 1138 2929; x_wconf 85' lang='grc'>7.</span> 
     </span>
    </p>
   </div>
   <div class='ocr_carea' id='block_1_7' title="bbox 346 2965 1172 3037">
    <p class='ocr_par' dir='ltr' id='par_1_9' title="bbox 346 2965 1172 3037">
     <span class='ocr_line' id='line_1_32' title="bbox 346 2965 1172 3037; baseline -0.017 -8"><span class='ocrx_word' id='word_1_201' title='bbox 346 2973 455 3029; x_wconf 80' lang='lat' dir='ltr'>Eodem</span> <span class='ocrx_word' id='word_1_202' title='bbox 472 2972 555 3026; x_wconf 94' lang='lat' dir='ltr'>modo</span> <span class='ocrx_word' id='word_1_203' title='bbox 573 2971 715 3026; x_wconf 87' lang='lat' dir='ltr'>vinculum</span> <span class='ocrx_word' id='word_1_204' title='bbox 733 2967 939 3037; x_wconf 84' lang='lat' dir='ltr'>obligationum</span> <span class='ocrx_word' id='word_1_205' title='bbox 958 2965 1088 3027; x_wconf 85' lang='lat' dir='ltr'>solvitur,</span> <span class='ocrx_word' id='word_1_206' title='bbox 1111 2976 1172 3030; x_wconf 90' lang='lat' dir='ltr'>quo</span> 
     </span>
    </p>
   </div>
   <div class='ocr_carea' id='block_1_8' title="bbox 0 0 1338 3560">
    <p class='ocr_par' dir='ltr' id='par_1_10' title="bbox 0 0 1338 3560">
     <span class='ocr_line' id='line_1_33' title="bbox 0 0 1338 3560; baseline 0 0"><span class='ocrx_word' id='word_1_207' title='bbox 0 0 1338 3560; x_wconf 95' lang='lat' dir='ltr'> </span> 
     </span>
    </p>
   </div>
  </div>
 </body>
</html>
