2698 3558
603 292 644 356 29

241 459 349 514 Mutare
368 455 516 514 consilium
534 458 597 528 quis
617 458 657 528 [in
676 460 833 528 oontrootu]
853 475 909 514 non
921 461 1017 526 potest
1028 458 1059 512 in

186 545 304 600 altenus
324 545 531 601 detn'mentum.
566 561 588 599 c.
607 551 640 600 88
658 546 691 597 de
710 546 742 599 R.
760 533 785 599 J.
805 547 831 597 in
850 549 892 600 tto
910 553 934 607 5,
954 551 994 599 12.

239 629 330 684 Nemo
347 635 442 700 potest
457 634 565 686 mutere
586 630 625 700 [in
638 631 795 700 oontruotu]
816 629 965 685 eonsilium
978 647 1059 694 suum

188 715 220 770 in
241 716 356 772 ulterius
377 716 517 770 iniuriam.
552 717 751 770 PAPINIANUS:
773 714 790 770 l.
816 724 848 772 75
870 717 959 770 nde
980 717 1014 770 R.
1033 715 1060 770 Ι.

923 809 963 863 50,
985 805 1025 857 li.

242 887 408 942 Contractus
427 888 468 942 vis
488 889 578 950 omnis
596 887 626 942 in
644 887 826 944 conclusione
846 887 981 942 consistit.

242 971 295 1038 Qui
314 990 379 1028 eum
396 974 453 1028 ulio
473 974 621 1038 contrahit,
640 974 686 1028 vel
704 976 749 1028 est
765 974 810 1030 vel
829 990 890 1028 esse
903 973 991 1028 debet
1002 990 1060 1028 non

189 1058 304 1129 ignarus
327 1059 498 1115 conditionis
521 1060 588 1114 eius.
624 1059 789 1114 Unnmnus:
813 1057 829 1114 l.
853 1067 883 1116 19
903 1076 946 1128 pr.
969 1061 1004 1114 I).
1027 1062 1061 1113 de

828 1148 861 1201 R.
880 1147 904 1200 J.
923 1153 965 1210 50,
986 1153 1025 1202 17.

243 1231 357 1296 Quoties
375 1232 405 1286 in
423 1231 650 1302 stipulationibus
666 1231 799 1302 ambiguo
812 1232 901 1287 orutio
915 1235 966 1294 est,
985 1249 1059 1286 eom-

190 1317 384 1392 modissimum
403 1313 493 1371 estid
511 1317 616 1387 accipi,
635 1335 691 1387 quo
710 1335 766 1381 res,
786 1318 821 1372 de
839 1334 895 1386 quo
912 1317 1013 1388 egitur,
1031 1317 1062 1371 in

189 1403 258 1460 luto
271 1402 315 1457 sit.
350 1403 515 1456 Unnmuus:
533 1400 550 1457 l.
568 1410 602 1458 to
620 1404 653 1458 Ι).
672 1407 705 1458 de
724 1405 751 1458 V.
774 1404 803 1458 0.
821 1411 862 1466 45,
879 1409 906 1457 l.

242 1506 274 1559 ln
291 1505 519 1576 stipulationibus
536 1507 567 1561 id
583 1510 695 1576 tempus
713 1511 863 1576 spectatur,
882 1521 937 1574 quo
951 1508 1061 1560 contru-

189 1590 290 1646 himus.
325 1591 458 1645 Psunus:
477 1590 494 1647 l.
514 1601 563 1648 144
582 1594 599 1661 fi
620 1601 633 1646 1
652 1594 685 1646 I).
704 1595 737 1646 de
756 1594 788 1646 R.
807 1594 832 1647 J.
851 1599 892 1655 oo,
914 1600 953 1646 17.

241 1693 305 1748 Non
323 1695 399 1748 enim
411 1695 567 1750 seeundum
578 1696 665 1750 futuri
677 1696 815 1765 temporis¹
825 1696 876 1758 ius,
896 1695 947 1750 sed
959 1711 1059 1750 seeun-

190 1779 259 1834 dum
270 1781 427 1851 pruesentis
440 1781 582 1836 aestimari
595 1782 681 1838 debet
693 1782 846 1852 stipulatio.
868 1781 1060 1834 Vnnnnnlus:

560 1865 576 1921 l.
598 1873 643 1922 137
663 1869 681 1936 5
701 1875 716 1922 6
735 1869 767 1921 Ι).
786 1870 819 1920 de
841 1868 868 1934 V,
892 1867 920 1922 0.
939 1875 982 1930 ⁴5,
1003 1874 1026 1924 1.

190 1998 192 2002 ·
243 1968 421 2024 Contraxisse
440 1971 631 2040 unusquisque
649 1969 680 2024 in
698 1987 732 2025 eo
750 1972 814 2025 looo
833 1971 1013 2042 intelligitur,
1031 1970 1061 2023 in

160 2084 163 2089 -
190 2071 248 2122 quo
272 2052 496 2112 ut'solveretse
519 2056 664 2127 obligavit.
699 2057 857 2112 lominus:
882 2054 898 2110 l.
922 2057 1006 2112 211).
1029 2059 1063 2110 de
1126 2046 1128 2052 ¹

236 2197 238 2200 .
801 2143 829 2197 0.
847 2149 874 2196 et
891 2145 924 2196 A.
942 2151 984 2205 44,
1004 2150 1027 2196 7.

244 2226 426 2282 Contractum
443 2244 500 2281 non
517 2228 615 2298 utique
633 2228 663 2282 in
680 2244 715 2283 eo
733 2228 797 2282 loco
809 2228 985 2298 intelligitur,
1004 2245 1061 2298 quo

190 2312 338 2382 negotium
356 2316 468 2382 gestum
485 2313 530 2376 sit,
548 2313 598 2368 sed
617 2329 673 2382 quo
692 2314 827 2368 solvende
845 2318 888 2369 est
905 2313 1035 2383 pecunie.

430 2397 537 2451 Gnms:
555 2395 571 2453 l.
591 2406 606 2452 8
625 2399 657 2452 D.
676 2403 709 2453 de
726 2401 805 2454 retus
823 2405 923 2453 auctor.
941 2408 983 2462 42,
1003 2408 1027 2456 5.
1126 2463 1128 2470 ¹

246 2482 332 2536 Casus
350 2483 480 2537 fostuitus
498 2484 529 2537 in
545 2485 623 2539 nullo
643 2488 791 2539 contractu
808 2488 975 2554 praestetur.

246 2567 323 2632 Quae
342 2567 524 2625 dubitationis
542 2570 685 2624 tollendae
708 2586 793 2624 cause
811 2571 1002 2626 contractibus
1020 2571 1062 2624 in·

192 2657 331 2726 seruntur,
344 2652 390 2707 ius
404 2670 550 2709 commune
562 2671 620 2708 non
631 2655 755 2710 laedunt.
781 2656 980 2709 Pilumnus:
999 2653 1015 2710 l.
1028 2663 1059 2710 81

725 2741 964 2804 Memno,
986 2749 1025 2795 17.

246 2823 299 2890 Qui
318 2823 368 2877 sub
388 2823 550 2880 conditione
569 2825 726 2895 stipulatur,
744 2842 817 2894 quae
835 2826 996 2884 omnimodo
1016 2843 1061 2880 ex·

192 2908 280 2962 tituto
298 2914 348 2974 est,
365 2927 436 2979 pure
454 2909 567 2965 videtur
584 2910 720 2980 stipulari.
755 2911 919 2965 Unmnos:
938 2909 955 2964 l.
975 2917 989 2964 9
1009 2911 1026 2979 ξ
1048 2919 1059 2966 1

736 2998 768 3049 l).
787 2999 819 3050 dc
838 3002 922 3050 noval.
941 3002 983 3058 46,
1002 3002 1027 3049 2.
