2698 3558
546 963 721 1022 absentie.

249 1074 404 1128 Absentem
423 1074 551 1144 accipere
571 1075 707 1130 debemus
726 1092 804 1138 eum,
828 1075 877 1144 qui
895 1049 952 1130 non
971 1078 1016 1130 est
1034 1091 1068 1130 eo

198 1159 265 1222 loci,
283 1157 312 1212 in
330 1177 387 1228 quo
404 1159 468 1214 loco
486 1160 603 1230 petitur.
637 1161 800 1245 UtPIAuus:
819 1163 843 1218 l·
857 1167 905 1217 199
918 1177 966 1230 pr.
985 1161 1019 1216 1).
1037 1163 1070 1217 dc

837 1247 865 1301 V.
884 1247 911 1302 S.
930 1255 971 1311 00,
992 1255 1032 1304 16.

250 1329 303 1396 Qui
322 1333 401 1386 extra
418 1331 594 1387 continentia
611 1333 688 1388 urbis
708 1335 759 1396 est,
779 1333 878 1406 abest„
906 1333 1069 1386 Usamus:
1089 1321 1093 1330 ’

556 1421 573 1476 Ι.
592 1426 641 1474 170
660 1424 678 1484 §
698 1426 710 1473 1
731 1419 762 1474 Ι).
782 1420 815 1472 de
838 1419 865 1472 V.
884 1418 971 1482 S.·b0,
992 1426 1033 1475 16.

249 1502 359 1557 Absens
378 1503 504 1559 absentis
524 1507 638 1560 curator
656 1518 719 1560 esse
737 1503 848 1572 nequit.

251 1585 481 1658 Quotiescunque
500 1589 563 1658 quis
583 1606 617 1644 ex
634 1589 820 1652 necessitate,
838 1604 896 1644 non
914 1605 949 1643 ex
966 1590 1064 1645 volun·

198 1676 260 1728 tute
278 1673 376 1738 abfuit,
395 1674 451 1730 dici
469 1678 584 1744 oportet
601 1675 628 1729 ei
646 1673 880 1730 subveniendum.
905 1673 1070 1728 Utmuus:

414 1762 662 1826 1.26§91).ex
679 1762 746 1828 quib.
764 1777 836 1814 caus.
854 1764 947 1827 major.
966 1768 991 1822 4,
1011 1767 1034 1814 6.

250 1843 388 1899 Absentia
405 1845 476 1914 ejus,
494 1845 544 1914 qui
561 1845 735 1916 reipublicae
754 1863 842 1901 causa
860 1845 955 1908 abest,
973 1861 1068 1912 neque

198 1929 226 1983 ei
243 1946 335 1999 neque
354 1929 403 1984 alii
421 1929 559 1985 damnosa
580 1948 644 1987 esso
668 1931 762 1987 debet.
796 1932 959 1986 Uetusius:
983 1932 1000 1984 1.
1020 1937 1070 1985 140

734 2016 914 2072 1).deR.J.
933 2023 974 2078 50,
995 2023 1036 2073 17.

513 2177 751 2246 Acceptilstlo.

249 2288 441 2362 Acceptilatic¹
457 2291 501 2344 est
517 2286 649 2343 liberatio
665 2305 718 2358 per
729 2290 857 2342 mutuam
869 2287 1066 2357 interrogatio·

198 2390 271 2438 nem,
284 2391 341 2442 qua
352 2374 499 2443 utriusque
513 2373 654 2443 contingit
666 2374 702 2428 ab
716 2373 817 2429 eodem
828 2389 903 2428 nexu
916 2372 1067 2428 absolutio.

417 2460 617 2513 Monustmus:
636 2460 653 2512 l.
675 2467 687 2513 1
707 2459 740 2512 J).
758 2461 791 2512 de
809 2459 928 2527 acceptet
947 2466 989 2521 46,
1009 2466 1033 2512 4.

248 2543 437 2614 Acceptilatio
461 2547 506 2600 est
526 2543 696 2614 imaginaria
718 2541 843 2599 solutio.v
871 2547 889 2607 ἕ
914 2551 927 2598 1
951 2544 976 2598 J.
999 2543 1067 2610 quib.

696 2632 762 2686 mod.
780 2631 835 2686 toll.
853 2629 929 2696 ollio.
947 2635 971 2691 9,
991 2635 1033 2685 90.

250 2714 282 2766 In
304 2713 379 2769 diem
402 2714 584 2785 acceptilatio
611 2715 689 2769 faeta
715 2714 820 2768 nullius
847 2715 892 2768 est
918 2712 1066 2766 momenti:

198 2815 265 2852 nam
292 2799 438 2855 solutionis
466 2802 595 2871 exemplo
626 2799 808 2871 acceptilatio
836 2798 910 2854 solet
935 2797 1065 2852 liberare.

457 2885 617 2939 Uts1asus=
637 2889 654 2942 l.
673 2895 688 2942 5
708 2887 740 2940 Ι).
759 2888 792 2939 dc
810 2885 930 2952 acceptll.
947 2890 989 2946 49,
1009 2891 1034 2938 4.

249 2968 437 3040 Acceptilatio
457 2971 509 3025 sub
529 2971 690 3026 conditione
708 2971 769 3026 fieri
785 2986 843 3025 non
860 2971 967 3039 potest.
1017 3008 1022 3018 .

437 3055 620 3110 Pousosuus:
638 3059 654 3114 1.
673 3065 689 3111 4
708 3057 741 3112 J).
759 3059 792 3110 de
810 3057 929 3123 acceptu.
948 3062 990 3118 46,
1008 3062 1032 3109 4.

883 3165 895 3212 1
