2666 3560
709 305 751 372 80

347 473 572 529 constitutiones
589 473 751 544 principum
768 491 825 540 nee·
839 473 969 544 ignorare
994 491 1166 545 quemquam

283 577 349 618 nee
367 559 543 614 dissimulare
561 559 760 628 permittimus.
797 560 828 613 1.
847 567 878 614 12
901 561 927 613 θ.
946 562 1014 628 des.
1034 558 1100 627 ets.
1117 566 1169 630 ion.

1007 656 1009 660 '
1049 656 1071 710 1,
1094 655 1135 703 18.

346 730 403 785 Lex
421 748 532 800 semper
549 731 683 800 loquitur.

346 816 500 888 Benignius
519 818 598 887 leges
617 817 848 886 interpretandae
869 821 943 880 sunt,
963 835 1021 886 quo¹
1032 819 1165 873 voluntas

294 923 393 960 eurum
411 908 599 958 conservetur.
637 903 766 958 cuneus:
790 904 807 957 1.
827 909 859 957 18
879 905 911 958 D.
930 906 964 957 de
982 907 1046 972 leyq.
1068 914 1090 968 l,
1109 913 1133 968 3,

268 1045 270 1050 ,
346 989 582 1058 Interpretetione
618 990 714 1059 legum
747 1005 858 1058 poenae
885 989 1064 1045 molliendae
1100 993 1166 1045 sunt

294 1075 390 1146 potius
413 1091 499 1144 quum
518 1075 700 1144 asperandae.
735 1074 1016 1128 Hunnoenrnnus:
1047 1073 1167 1130 1411.

512 1194 513 1198 =
869 1164 902 1214 de
916 1165 1012 1230 poenis
1029 1168 1070 1224 48,
1092 1167 1135 1218 19.

345 1246 459 1316 Optime
477 1249 522 1301 est
538 1246 635 1315 legum
651 1245 791 1316 interpres
811 1247 997 1302 consuetudo.

530 1332 773 1386 Csnnrsrnsrus:
792 1334 809 1386 Ι.
829 1339 860 1388 31
880 1330 1046 1400 11111191.
1067 1341 1089 1396 1,
1109 1340 1133 1386 3.

344 1418 401 1474 Ubi
417 1419 464 1473 lex
480 1435 538 1472 non
551 1417 708 1488 distinguit,
725 1433 779 1471 nee
791 1421 918 1472 nostrum
928 1422 971 1490 est
983 1418 1168 1488 distinguere.

337 1505 481 1559 suessano
499 1503 608 1558 ratione
625 1503 698 1574 legis
717 1507 811 1568 cesset
827 1504 873 1558 lex
890 1503 961 1574 ipss.

345 1590 379 1644 ln
401 1589 535 1659 ambigue
556 1606 626 1644 voce
649 1589 721 1660 legis
745 1605 779 1643 ee
803 1590 900 1658 potius
928 1589 1095 1660 accipiendo
1122 1594 1169 1644 est

201 1724 204 1730 ,
292 1673 463 1746 significatio
482 1691 554 1742 quae
572 1675 746 1730 vitio-earet.
774 1674 903 1729 Census:
923 1673 939 1730 1.
960 1683 990 1731 19
1004 1676 1036 1729 J).
1056 1679 1088 1728 de
1101 1677 1166 1743 legg.

294 1765 299 1772 “
379 1766 381 1770 ’
1065 1769 1088 1824 1,
1107 1767 1132 1814 3.

343 1846 399 1900 Ubi
418 1845 518 1900 eedem
535 1845 607 1915 legis
625 1846 706 1910 ratio,
725 1846 766 1901 ibi
783 1847 883 1901 eedem
900 1846 973 1917 legis
992 1845 1151 1916 dispositio.

344 1933 414 1986 Cum
432 1932 478 1986 lex
495 1931 526 1984 in
542 1931 726 2000 praeteritum
745 1926 813 2000 quid
830 1932 974 2001 indulget,
992 1932 1023 1986 in
1040 1931 1166 1986 futurum

292 2020 378 2072 vetat.
413 2017 578 2071 ULPIANUS:
598 2019 614 2071 l.
634 2023 666 2072 22
686 2013 718 2070 Ι).
737 2019 770 2071 de
787 2019 851 2084 1199.
872 2026 894 2081 1,
915 2026 937 2072 1.
965 2025 967 2030 ’
993 2053 1003 2094 ,¹
1027 2065 1036 2075 ,.

345 2103 421 2169 Quae
439 2120 533 2157 rerum
550 2106 650 2156 nature
667 2102 865 2172 prohibentur,
887 2104 966 2157 nullu
982 2104 1047 2173 lege
1066 2101 1165 2156 confir·

226 2185 228 2188 ⁵
291 2192 370 2242 mata
387 2192 460 2243 sunt.
496 2189 626 2242 CELSUS:
646 2191 662 2242 1.
682 2195 731 2244 188
750 2189 767 2257 g
788 2197 800 2244 1
820 2190 853 2242 D.
871 2191 905 2242 de
923 2190 956 2243 R.
974 2191 999 2243 J.
1018 2196 1119 2251 11111.

346 2274 428 2339 Quod
455 2292 517 2329 raro
544 2275 588 2335 fit,
615 2279 676 2327 non'
700 2274 851 2328 observant
876 2273 1062 2343 legislatores.
1100 2275 1166 2327 Nou.

1013 2366 1046 2418 94
1064 2375 1086 2412 c.
1106 2366 1130 2412 2.
1148 2405 1167 2421 ,,

343 2442 386 2497 Ex
403 2444 456 2508 his,
474 2461 546 2512 quse
559 2446 632 2500 forte
645 2461 701 2498 uno
714 2443 808 2512 aliquo
822 2459 889 2498 essu
901 2443 1031 2499 decidere
1043 2447 1164 2513 possunt

291 2529 354 2584 iure
370 2543 427 2584 non
446 2531 665 2594 constituuntur,
692 2529 820 2583 Guneus:
840 2527 856 2582 1.
875 2538 892 2584 4
910 2527 943 2583 11.
961 2533 995 2584 de
1012 2531 1078 2597 1099.
1099 2533 1126 2591 1,
1142 2537 1165 2581 3.

281 2651 284 2660 ·
343 2615 434 2684 Leges
462 2620 492 2671 et
518 2616 737 2671 constitutiones
763 2607 864 2684 tituris
892 2618 999 2669 eertum
1020 2605 1071 2669 'est
1098 2615 1167 2669 dure

293 2701 411 2755 formam
438 2701 574 2771 negotiis,
600 2719 658 2756 non
685 2701 722 2754 ud
747 2700 824 2754 foeta
848 2700 1003 2770 praeterito
1029 2690 1164 2764 revocari,

293 2785 348 2840 nisi
373 2785 541 2858 nominatim
569 2791 599 2841 et
625 2788 659 2842 de
686 2786 841 2856 praeterito
864 2779 994 2856 'tempore
1018 2788 1048 2840 et
1070 2785 1164 2842 adhue

292 2871 482 2940 pendentibus
500 2873 621 2942 negotiis
642 2875 756 2926 cautum
773 2871 818 2926 sit.
838 2873 895 2925 L?
912 2873 937 2925 C.
950 2874 983 2925 de
1001 2873 1066 2939 leqq.
1087 2879 1164 2934 1,14.

344 2956 402 3011 Lex
418 2958 559 3028 posterior
576 2958 612 3011 sd
628 2957 726 3027 priore
743 2956 819 3011 trahi
836 2957 943 3025 nequit.
1033 2979 1037 2988 ’

344 3042 401 3097 Lex
418 3043 558 3112 posterior
576 3044 694 3112 derogat
710 3043 806 3112 priori.
861 3053 863 3059 ’
