<?xml version="1.0" encoding="UTF-8"?>
<!DOCTYPE html PUBLIC "-//W3C//DTD XHTML 1.0 Transitional//EN"
    "http://www.w3.org/TR/xhtml1/DTD/xhtml1-transitional.dtd">
<html xmlns="http://www.w3.org/1999/xhtml" xml:lang="en" lang="en">
 <head>
  <title>
</title>
<meta http-equiv="Content-Type" content="text/html;charset=utf-8" />
  <meta name='ocr-system' content='tesseract 3.04.00' />
  <meta name='ocr-capabilities' content='ocr_page ocr_carea ocr_par ocr_line ocrx_word'/>
</head>
<body>
  <div class='ocr_page' id='page_1' title='image "./regulaeiuris00fromgoog_0017.png"; bbox 0 0 2698 3558; ppageno 0'>
   <div class='ocr_carea' id='block_1_1' title="bbox 662 331 681 394">
    <p class='ocr_par' dir='ltr' id='par_1_1' title="bbox 662 331 681 394">
     <span class='ocr_line' id='line_1_1' title="bbox 662 331 681 394; baseline 0 0"><span class='ocrx_word' id='word_1_1' title='bbox 662 331 681 394; x_wconf 83' lang='lat'>8</span> 
     </span>
    </p>
   </div>
   <div class='ocr_carea' id='block_1_2' title="bbox 283 497 1105 818">
    <p class='ocr_par' dir='ltr' id='par_1_2' title="bbox 286 497 1105 651">
     <span class='ocr_line' id='line_1_2' title="bbox 286 497 1105 564; baseline 0.002 -12"><span class='ocrx_word' id='word_1_2' title='bbox 286 497 398 552; x_wconf 81' lang='lat' dir='ltr'>Gradus</span> <span class='ocrx_word' id='word_1_3' title='bbox 418 497 549 552; x_wconf 84' lang='lat' dir='ltr'>affinitati</span> <span class='ocrx_word' id='word_1_4' title='bbox 566 497 637 553; x_wconf 86' lang='lat' dir='ltr'>nulli</span> <span class='ocrx_word' id='word_1_5' title='bbox 655 500 728 552; x_wconf 85' lang='lat' dir='ltr'>sunt.</span> <span class='ocrx_word' id='word_1_6' title='bbox 764 497 962 552; x_wconf 81' lang='lat' dir='ltr'>Mouasuuus:</span> <span class='ocrx_word' id='word_1_7' title='bbox 982 500 999 552; x_wconf 83' lang='lat' dir='ltr'>l.</span> <span class='ocrx_word' id='word_1_8' title='bbox 1018 503 1070 564; x_wconf 70' lang='grc'>41</span> <span class='ocrx_word' id='word_1_9' title='bbox 1089 506 1105 554; x_wconf 85' lang='lat'>5</span> 
     </span>
     <span class='ocr_line' id='line_1_3' title="bbox 772 584 1070 651; baseline 0.003 -15"><span class='ocrx_word' id='word_1_10' title='bbox 772 584 804 636; x_wconf 82' lang='grc' dir='ltr'>Ι).</span> <span class='ocrx_word' id='word_1_11' title='bbox 823 586 856 636; x_wconf 81' lang='lat' dir='ltr'>de</span> <span class='ocrx_word' id='word_1_12' title='bbox 872 585 949 651; x_wconf 66' lang='lat' dir='ltr'>qrad.</span> <span class='ocrx_word' id='word_1_13' title='bbox 968 590 1009 647; x_wconf 80' lang='lat'>38,</span> <span class='ocrx_word' id='word_1_14' title='bbox 1030 591 1070 638; x_wconf 88' lang='lat'>10.</span> 
     </span>
    </p>

    <p class='ocr_par' dir='ltr' id='par_1_3' title="bbox 288 667 975 740">
     <span class='ocr_line' id='line_1_4' title="bbox 288 667 975 740; baseline 0 -18"><span class='ocrx_word' id='word_1_15' title='bbox 288 668 441 723; x_wconf 86' lang='lat' dir='ltr'>Affinitatis</span> <span class='ocrx_word' id='word_1_16' title='bbox 460 668 520 724; x_wconf 84' lang='lat' dir='ltr'>iure</span> <span class='ocrx_word' id='word_1_17' title='bbox 538 669 617 722; x_wconf 83' lang='lat' dir='ltr'>nulla</span> <span class='ocrx_word' id='word_1_18' title='bbox 635 668 777 723; x_wconf 82' lang='lat' dir='ltr'>successio</span> <span class='ocrx_word' id='word_1_19' title='bbox 794 667 975 740; x_wconf 71' lang='lat' dir='ltr'>permittitur.</span> 
     </span>
    </p>

    <p class='ocr_par' dir='ltr' id='par_1_4' title="bbox 283 749 1069 818">
     <span class='ocr_line' id='line_1_5' title="bbox 283 749 1069 818; baseline -0.001 -10"><span class='ocrx_word' id='word_1_20' title='bbox 283 749 285 752; x_wconf 70' lang='grc'><strong>’</strong></span> <span class='ocrx_word' id='word_1_21' title='bbox 514 756 543 808; x_wconf 73' lang='lat' dir='ltr'><strong><em>L</em></strong></span> <span class='ocrx_word' id='word_1_22' title='bbox 564 763 577 808; x_wconf 83' lang='grc'>1</span> <span class='ocrx_word' id='word_1_23' title='bbox 600 753 788 808; x_wconf 59' lang='lat' dir='ltr'>&amp;commonia</span> <span class='ocrx_word' id='word_1_24' title='bbox 804 757 837 808; x_wconf 81' lang='lat' dir='ltr'>de</span> <span class='ocrx_word' id='word_1_25' title='bbox 854 771 967 808; x_wconf 76' lang='lat' dir='ltr'>success.</span> <span class='ocrx_word' id='word_1_26' title='bbox 986 761 1010 818; x_wconf 87' lang='grc'>6,</span> <span class='ocrx_word' id='word_1_27' title='bbox 1029 761 1069 809; x_wconf 82' lang='lat'>59.</span> 
     </span>
    </p>
   </div>
   <div class='ocr_carea' id='block_1_3' title="bbox 595 949 753 1018">
    <p class='ocr_par' dir='ltr' id='par_1_5' title="bbox 595 949 753 1018">
     <span class='ocr_line' id='line_1_6' title="bbox 595 949 753 1018; baseline 0.006 -13"><span class='ocrx_word' id='word_1_28' title='bbox 595 949 753 1018; x_wconf 75' lang='lat' dir='ltr'>Aginatio.</span> 
     </span>
    </p>
   </div>
   <div class='ocr_carea' id='block_1_4' title="bbox 204 1093 1197 1595">
    <p class='ocr_par' dir='ltr' id='par_1_6' title="bbox 204 1093 1197 1595">
     <span class='ocr_line' id='line_1_7' title="bbox 287 1093 1197 1164; baseline -0.001 -16"><span class='ocrx_word' id='word_1_29' title='bbox 287 1093 395 1164; x_wconf 81' lang='lat' dir='ltr'>Agnati</span> <span class='ocrx_word' id='word_1_30' title='bbox 414 1097 482 1149; x_wconf 87' lang='lat' dir='ltr'>sunt</span> <span class='ocrx_word' id='word_1_31' title='bbox 500 1113 517 1149; x_wconf 89' lang='lat' dir='ltr'>a</span> <span class='ocrx_word' id='word_1_32' title='bbox 533 1099 615 1164; x_wconf 84' lang='lat' dir='ltr'>patre</span> <span class='ocrx_word' id='word_1_33' title='bbox 635 1095 749 1164; x_wconf 77' lang='lat' dir='ltr'>cognati</span> <span class='ocrx_word' id='word_1_34' title='bbox 766 1093 853 1148; x_wconf 77' lang='lat' dir='ltr'>virilis</span> <span class='ocrx_word' id='word_1_35' title='bbox 873 1111 955 1149; x_wconf 84' lang='lat' dir='ltr'>sexus</span> <span class='ocrx_word' id='word_1_36' title='bbox 973 1112 1025 1164; x_wconf 84' lang='lat' dir='ltr'>per</span> <span class='ocrx_word' id='word_1_37' title='bbox 1042 1094 1105 1148; x_wconf 85' lang='lat' dir='ltr'>viri-</span> <span class='ocrx_word' id='word_1_38' title='bbox 1127 1095 1147 1121; x_wconf 85' lang='grc'>·’</span> <span class='ocrx_word' id='word_1_39' title='bbox 1194 1151 1197 1156; x_wconf 66' lang='grc'>,</span> 
     </span>
     <span class='ocr_line' id='line_1_8' title="bbox 234 1178 1106 1236; baseline -0.005 -2"><span class='ocrx_word' id='word_1_40' title='bbox 234 1182 292 1236; x_wconf 89' lang='lat' dir='ltr'>lem</span> <span class='ocrx_word' id='word_1_41' title='bbox 310 1197 409 1236; x_wconf 86' lang='lat' dir='ltr'>sexum</span> <span class='ocrx_word' id='word_1_42' title='bbox 427 1179 633 1236; x_wconf 74' lang='lat' dir='ltr'>descendentes</span> <span class='ocrx_word' id='word_1_43' title='bbox 652 1180 779 1234; x_wconf 81' lang='lat' dir='ltr'>eiusdem</span> <span class='ocrx_word' id='word_1_44' title='bbox 796 1178 928 1234; x_wconf 87' lang='lat' dir='ltr'>familiae.</span> <span class='ocrx_word' id='word_1_45' title='bbox 955 1180 1106 1233; x_wconf 75' lang='lat' dir='ltr'>Um’lsuus</span> 
     </span>
     <span class='ocr_line' id='line_1_9' title="bbox 315 1256 1070 1332; baseline -0.004 -11"><span class='ocrx_word' id='word_1_46' title='bbox 315 1273 319 1284; x_wconf 92' lang='lat'>·</span> <span class='ocrx_word' id='word_1_47' title='bbox 370 1256 372 1260; x_wconf 79' lang='grc'><strong>’</strong></span> <span class='ocrx_word' id='word_1_48' title='bbox 796 1265 903 1332; x_wconf 64' lang='lat' dir='ltr'>Fraqm.</span> <span class='ocrx_word' id='word_1_49' title='bbox 922 1272 939 1318; x_wconf 76' lang='grc' dir='ltr'>ε.</span> <span class='ocrx_word' id='word_1_50' title='bbox 961 1270 1070 1330; x_wconf 66' lang='grc'>1114.</span> 
     </span>
     <span class='ocr_line' id='line_1_10' title="bbox 204 1349 1105 1422; baseline -0.002 -16"><span class='ocrx_word' id='word_1_51' title='bbox 204 1391 208 1398; x_wconf 82' lang='grc'><em>.</em></span> <span class='ocrx_word' id='word_1_52' title='bbox 289 1351 361 1406; x_wconf 86' lang='lat' dir='ltr'>Sunt</span> <span class='ocrx_word' id='word_1_53' title='bbox 383 1355 480 1406; x_wconf 87' lang='lat' dir='ltr'>autem</span> <span class='ocrx_word' id='word_1_54' title='bbox 502 1353 602 1422; x_wconf 78' lang='lat' dir='ltr'>agnati</span> <span class='ocrx_word' id='word_1_55' title='bbox 624 1351 739 1421; x_wconf 75' lang='lat' dir='ltr'>cognati</span> <span class='ocrx_word' id='word_1_56' title='bbox 760 1367 812 1420; x_wconf 84' lang='lat' dir='ltr'>par</span> <span class='ocrx_word' id='word_1_57' title='bbox 833 1349 920 1404; x_wconf 87' lang='lat' dir='ltr'>virilis</span> <span class='ocrx_word' id='word_1_58' title='bbox 939 1367 1021 1404; x_wconf 87' lang='lat' dir='ltr'>sexus</span> <span class='ocrx_word' id='word_1_59' title='bbox 1041 1367 1105 1420; x_wconf 79' lang='lat' dir='ltr'>cog·</span> 
     </span>
     <span class='ocr_line' id='line_1_11' title="bbox 235 1435 923 1506; baseline -0.001 -16"><span class='ocrx_word' id='word_1_60' title='bbox 235 1437 385 1492; x_wconf 86' lang='lat' dir='ltr'>nationem</span> <span class='ocrx_word' id='word_1_61' title='bbox 403 1436 547 1492; x_wconf 84' lang='lat' dir='ltr'>coniuncti</span> <span class='ocrx_word' id='word_1_62' title='bbox 565 1436 648 1506; x_wconf 87' lang='lat' dir='ltr'>quasi</span> <span class='ocrx_word' id='word_1_63' title='bbox 665 1453 683 1490; x_wconf 87' lang='lat' dir='ltr'>a</span> <span class='ocrx_word' id='word_1_64' title='bbox 699 1439 782 1506; x_wconf 86' lang='lat' dir='ltr'>patre</span> <span class='ocrx_word' id='word_1_65' title='bbox 801 1435 923 1504; x_wconf 75' lang='lat' dir='ltr'>cognati.</span> 
     </span>
     <span class='ocr_line' id='line_1_12' title="bbox 565 1523 1070 1595; baseline -0.002 -18"><span class='ocrx_word' id='word_1_66' title='bbox 565 1528 583 1587; x_wconf 83' lang='lat'><em>§</em></span> <span class='ocrx_word' id='word_1_67' title='bbox 603 1532 614 1577; x_wconf 96' lang='lat'>1</span> <span class='ocrx_word' id='word_1_68' title='bbox 634 1523 660 1579; x_wconf 80' lang='lat' dir='ltr'>J.</span> <span class='ocrx_word' id='word_1_69' title='bbox 678 1525 710 1575; x_wconf 86' lang='lat' dir='ltr'>de</span> <span class='ocrx_word' id='word_1_70' title='bbox 728 1524 797 1590; x_wconf 65' lang='lat' dir='ltr'>lenit.</span> <span class='ocrx_word' id='word_1_71' title='bbox 816 1527 902 1589; x_wconf 69' lang='lat' dir='ltr'>ayant.</span> <span class='ocrx_word' id='word_1_72' title='bbox 921 1526 967 1574; x_wconf 77' lang='lat' dir='ltr'>tut.</span> <span class='ocrx_word' id='word_1_73' title='bbox 988 1531 1011 1584; x_wconf 88' lang='lat'>1,</span> <span class='ocrx_word' id='word_1_74' title='bbox 1032 1529 1070 1595; x_wconf 65' lang='lat'>15,</span> 
     </span>
    </p>
   </div>
   <div class='ocr_carea' id='block_1_5' title="bbox 583 1717 764 1774">
    <p class='ocr_par' dir='ltr' id='par_1_7' title="bbox 583 1717 764 1774">
     <span class='ocr_line' id='line_1_13' title="bbox 583 1717 764 1774; baseline 0 -2"><span class='ocrx_word' id='word_1_75' title='bbox 583 1717 764 1774; x_wconf 68' lang='lat' dir='ltr'>manatio.</span> 
     </span>
    </p>
   </div>
   <div class='ocr_carea' id='block_1_6' title="bbox 224 1845 1108 2600">
    <p class='ocr_par' dir='ltr' id='par_1_8' title="bbox 224 1845 1108 2600">
     <span class='ocr_line' id='line_1_14' title="bbox 287 1845 1106 1914; baseline -0.001 -15"><span class='ocrx_word' id='word_1_76' title='bbox 287 1845 341 1901; x_wconf 86' lang='lat' dir='ltr'>Est</span> <span class='ocrx_word' id='word_1_77' title='bbox 359 1849 455 1901; x_wconf 87' lang='lat' dir='ltr'>autem</span> <span class='ocrx_word' id='word_1_78' title='bbox 474 1845 608 1900; x_wconf 85' lang='lat' dir='ltr'>alienatio</span> <span class='ocrx_word' id='word_1_79' title='bbox 627 1845 717 1899; x_wconf 88' lang='lat' dir='ltr'>omnis</span> <span class='ocrx_word' id='word_1_80' title='bbox 736 1847 829 1908; x_wconf 83' lang='lat' dir='ltr'>aetus,</span> <span class='ocrx_word' id='word_1_81' title='bbox 847 1861 899 1914; x_wconf 84' lang='lat' dir='ltr'>per</span> <span class='ocrx_word' id='word_1_82' title='bbox 917 1862 1001 1913; x_wconf 88' lang='lat' dir='ltr'>quem</span> <span class='ocrx_word' id='word_1_83' title='bbox 1020 1845 1106 1898; x_wconf 90' lang='lat' dir='ltr'>domi·</span> 
     </span>
     <span class='ocr_line' id='line_1_15' title="bbox 237 1931 978 2000; baseline -0.001 -15"><span class='ocrx_word' id='word_1_84' title='bbox 237 1931 316 1986; x_wconf 89' lang='lat' dir='ltr'>nium</span> <span class='ocrx_word' id='word_1_85' title='bbox 334 1932 510 1987; x_wconf 83' lang='lat' dir='ltr'>transfertur.</span> <span class='ocrx_word' id='word_1_86' title='bbox 533 1932 576 1984; x_wconf 65' lang='lat' dir='ltr'>l.</span> <span class='ocrx_word' id='word_1_87' title='bbox 597 1940 608 1985; x_wconf 96' lang='lat'>1</span> <span class='ocrx_word' id='word_1_88' title='bbox 633 1932 658 1984; x_wconf 80' lang='lat'>0.</span> <span class='ocrx_word' id='word_1_89' title='bbox 677 1932 710 1984; x_wconf 84' lang='lat' dir='ltr'>de</span> <span class='ocrx_word' id='word_1_90' title='bbox 723 1933 807 2000; x_wconf 80' lang='lat' dir='ltr'>fundo</span> <span class='ocrx_word' id='word_1_91' title='bbox 825 1932 876 1983; x_wconf 82' lang='lat' dir='ltr'>dot.</span> <span class='ocrx_word' id='word_1_92' title='bbox 896 1936 919 1993; x_wconf 83' lang='lat'>5,</span> <span class='ocrx_word' id='word_1_93' title='bbox 938 1937 978 1984; x_wconf 77' lang='lat'>28.</span> 
     </span>
     <span class='ocr_line' id='line_1_16' title="bbox 290 2014 1107 2083; baseline -0.002 -13"><span class='ocrx_word' id='word_1_94' title='bbox 290 2017 434 2072; x_wconf 87' lang='lat' dir='ltr'>Alienatio</span> <span class='ocrx_word' id='word_1_95' title='bbox 453 2019 498 2071; x_wconf 87' lang='lat' dir='ltr'>est</span> <span class='ocrx_word' id='word_1_96' title='bbox 514 2017 555 2072; x_wconf 85' lang='lat' dir='ltr'>rei</span> <span class='ocrx_word' id='word_1_97' title='bbox 574 2018 642 2070; x_wconf 81' lang='lat' dir='ltr'>snae</span> <span class='ocrx_word' id='word_1_98' title='bbox 660 2015 784 2083; x_wconf 86' lang='lat' dir='ltr'>iun&#39;sque</span> <span class='ocrx_word' id='word_1_99' title='bbox 804 2015 847 2068; x_wconf 90' lang='lat' dir='ltr'>sui</span> <span class='ocrx_word' id='word_1_100' title='bbox 864 2014 894 2068; x_wconf 92' lang='lat' dir='ltr'>in</span> <span class='ocrx_word' id='word_1_101' title='bbox 912 2014 999 2069; x_wconf 88' lang='lat' dir='ltr'>alium</span> <span class='ocrx_word' id='word_1_102' title='bbox 1016 2017 1107 2068; x_wconf 75' lang='lat' dir='ltr'>trans</span> 
     </span>
     <span class='ocr_line' id='line_1_17' title="bbox 237 2103 697 2172; baseline -0.004 -15"><span class='ocrx_word' id='word_1_103' title='bbox 237 2103 315 2158; x_wconf 81' lang='lat' dir='ltr'>latio.</span> <span class='ocrx_word' id='word_1_104' title='bbox 353 2103 482 2157; x_wconf 76' lang='lat' dir='ltr'>Sanaos:</span> <span class='ocrx_word' id='word_1_105' title='bbox 500 2103 595 2172; x_wconf 82' lang='lat' dir='ltr'>Benef.</span> <span class='ocrx_word' id='word_1_106' title='bbox 614 2110 637 2164; x_wconf 80' lang='lat'>5,</span> <span class='ocrx_word' id='word_1_107' title='bbox 658 2109 697 2156; x_wconf 85' lang='grc' dir='ltr'>ιο.</span> 
     </span>
     <span class='ocr_line' id='line_1_18' title="bbox 288 2184 1107 2255; baseline -0.009 -11"><span class='ocrx_word' id='word_1_108' title='bbox 288 2187 475 2244; x_wconf 76' lang='lat' dir='ltr'>Alienationis</span> <span class='ocrx_word' id='word_1_109' title='bbox 498 2189 616 2242; x_wconf 86' lang='lat' dir='ltr'>verbum</span> <span class='ocrx_word' id='word_1_110' title='bbox 638 2186 724 2240; x_wconf 86' lang='lat' dir='ltr'>etiam</span> <span class='ocrx_word' id='word_1_111' title='bbox 745 2185 950 2255; x_wconf 78' lang='lat' dir='ltr'>usucapionem</span> <span class='ocrx_word' id='word_1_112' title='bbox 972 2184 1107 2238; x_wconf 86' lang='lat' dir='ltr'>continet.</span> 
     </span>
     <span class='ocr_line' id='line_1_19' title="bbox 275 2262 1071 2348; baseline -0.006 -19"><span class='ocrx_word' id='word_1_113' title='bbox 275 2341 278 2348; x_wconf 36' lang='lat'><em>,</em></span> <span class='ocrx_word' id='word_1_114' title='bbox 307 2262 309 2266; x_wconf 81' lang='grc'><strong>’</strong></span> <span class='ocrx_word' id='word_1_115' title='bbox 440 2286 442 2291; x_wconf 95' lang='grc'><em>·</em></span> <span class='ocrx_word' id='word_1_116' title='bbox 475 2273 641 2327; x_wconf 70' lang='lat' dir='ltr'>unusual.</span> <span class='ocrx_word' id='word_1_117' title='bbox 661 2272 856 2340; x_wconf 69' lang='lat' dir='ltr'>espaltde</span> <span class='ocrx_word' id='word_1_118' title='bbox 878 2271 905 2324; x_wconf 82' lang='lat' dir='ltr'>V.</span> <span class='ocrx_word' id='word_1_119' title='bbox 925 2270 951 2324; x_wconf 75' lang='lat' dir='ltr'>s.</span> <span class='ocrx_word' id='word_1_120' title='bbox 971 2277 1012 2333; x_wconf 79' lang='lat' dir='ltr'>so,</span> <span class='ocrx_word' id='word_1_121' title='bbox 1032 2277 1071 2324; x_wconf 79' lang='grc'>16.</span> 
     </span>
     <span class='ocr_line' id='line_1_20' title="bbox 224 2354 1059 2425; baseline -0.008 -10"><span class='ocrx_word' id='word_1_122' title='bbox 224 2363 226 2367; x_wconf 79' lang='grc'>’</span> <span class='ocrx_word' id='word_1_123' title='bbox 289 2361 411 2416; x_wconf 89' lang='lat' dir='ltr'>Videtur</span> <span class='ocrx_word' id='word_1_124' title='bbox 427 2376 488 2414; x_wconf 89' lang='lat' dir='ltr'>rem</span> <span class='ocrx_word' id='word_1_125' title='bbox 506 2357 638 2420; x_wconf 82' lang='lat' dir='ltr'>alienare,</span> <span class='ocrx_word' id='word_1_126' title='bbox 657 2357 706 2425; x_wconf 89' lang='lat' dir='ltr'>qui</span> <span class='ocrx_word' id='word_1_127' title='bbox 725 2373 788 2411; x_wconf 89' lang='lat' dir='ltr'>eam</span> <span class='ocrx_word' id='word_1_128' title='bbox 804 2354 920 2425; x_wconf 85' lang='lat' dir='ltr'>patitur.</span> <span class='ocrx_word' id='word_1_129' title='bbox 931 2355 1059 2424; x_wconf 82' lang='lat' dir='ltr'>usunapi.</span> 
     </span>
     <span class='ocr_line' id='line_1_21' title="bbox 475 2441 1071 2510; baseline -0.008 -12"><span class='ocrx_word' id='word_1_130' title='bbox 475 2445 604 2498; x_wconf 76' lang='lat' dir='ltr'>Psunus:</span> <span class='ocrx_word' id='word_1_131' title='bbox 624 2446 640 2496; x_wconf 88' lang='lat' dir='ltr'>l.</span> <span class='ocrx_word' id='word_1_132' title='bbox 660 2449 693 2498; x_wconf 76' lang='lat'>28</span> <span class='ocrx_word' id='word_1_133' title='bbox 706 2459 752 2510; x_wconf 83' lang='lat' dir='ltr'>pr.</span> <span class='ocrx_word' id='word_1_134' title='bbox 773 2443 805 2495; x_wconf 83' lang='lat' dir='ltr'>D.</span> <span class='ocrx_word' id='word_1_135' title='bbox 823 2444 856 2494; x_wconf 83' lang='lat' dir='ltr'>de</span> <span class='ocrx_word' id='word_1_136' title='bbox 879 2441 905 2494; x_wconf 89' lang='lat' dir='ltr'>V.</span> <span class='ocrx_word' id='word_1_137' title='bbox 925 2441 952 2494; x_wconf 84' lang='lat' dir='ltr'>S.</span> <span class='ocrx_word' id='word_1_138' title='bbox 971 2447 1012 2503; x_wconf 87' lang='lat'>50,</span> <span class='ocrx_word' id='word_1_139' title='bbox 1032 2447 1071 2494; x_wconf 82' lang='lat'>16.</span> 
     </span>
     <span class='ocr_line' id='line_1_22' title="bbox 289 2523 1108 2600; baseline -0.011 -14"><span class='ocrx_word' id='word_1_140' title='bbox 289 2531 363 2586; x_wconf 81' lang='lat' dir='ltr'>Eum</span> <span class='ocrx_word' id='word_1_141' title='bbox 393 2523 506 2600; x_wconf 85' lang='lat' dir='ltr'>quoque</span> <span class='ocrx_word' id='word_1_142' title='bbox 537 2529 661 2584; x_wconf 84' lang='lat' dir='ltr'>alienare</span> <span class='ocrx_word' id='word_1_143' title='bbox 692 2527 806 2591; x_wconf 78' lang='lat' dir='ltr'>dieitur,</span> <span class='ocrx_word' id='word_1_144' title='bbox 836 2525 885 2594; x_wconf 88' lang='lat' dir='ltr'>qui</span> <span class='ocrx_word' id='word_1_145' title='bbox 913 2543 971 2580; x_wconf 91' lang='lat' dir='ltr'>non</span> <span class='ocrx_word' id='word_1_146' title='bbox 1000 2525 1108 2580; x_wconf 86' lang='lat' dir='ltr'>utendo</span> 
     </span>
    </p>
   </div>
   <div class='ocr_carea' id='block_1_7' title="bbox 238 2610 1203 2682">
    <p class='ocr_par' dir='ltr' id='par_1_9' title="bbox 238 2610 1203 2682">
     <span class='ocr_line' id='line_1_23' title="bbox 238 2610 1203 2682; baseline -0.01 -9"><span class='ocrx_word' id='word_1_147' title='bbox 238 2617 347 2673; x_wconf 83' lang='lat' dir='ltr'>amittit</span> <span class='ocrx_word' id='word_1_148' title='bbox 371 2617 530 2672; x_wconf 75' lang='lat' dir='ltr'>servitutes.</span> <span class='ocrx_word' id='word_1_149' title='bbox 569 2616 701 2669; x_wconf 66' lang='lat' dir='ltr'>Pennus:</span> <span class='ocrx_word' id='word_1_150' title='bbox 728 2616 805 2668; x_wconf 78' lang='grc'>1.·18</span> <span class='ocrx_word' id='word_1_151' title='bbox 826 2629 874 2680; x_wconf 81' lang='lat' dir='ltr'>pr.</span> <span class='ocrx_word' id='word_1_152' title='bbox 901 2614 933 2668; x_wconf 79' lang='grc'>1).</span> <span class='ocrx_word' id='word_1_153' title='bbox 960 2614 993 2665; x_wconf 80' lang='lat' dir='ltr'>de</span> <span class='ocrx_word' id='word_1_154' title='bbox 1024 2611 1051 2664; x_wconf 89' lang='lat' dir='ltr'>V.</span> <span class='ocrx_word' id='word_1_155' title='bbox 1079 2610 1108 2664; x_wconf 85' lang='lat' dir='ltr'>S.</span> <span class='ocrx_word' id='word_1_156' title='bbox 1201 2677 1203 2682; x_wconf 21' lang='grc' dir='ltr'>Ι</span> 
     </span>
    </p>
   </div>
   <div class='ocr_carea' id='block_1_8' title="bbox 291 2703 1108 2858">
    <p class='ocr_par' dir='ltr' id='par_1_10' title="bbox 291 2703 1108 2858">
     <span class='ocr_line' id='line_1_24' title="bbox 291 2703 1108 2858; baseline -0.011 -15"><span class='ocrx_word' id='word_1_157' title='bbox 291 2791 325 2844; x_wconf 89' lang='lat' dir='ltr'>Id</span> <span class='ocrx_word' id='word_1_158' title='bbox 348 2791 433 2858; x_wconf 49' lang='lat' dir='ltr'>quod¹</span> <span class='ocrx_word' id='word_1_159' title='bbox 445 2792 574 2844; x_wconf 84' lang='lat' dir='ltr'>nostrum</span> <span class='ocrx_word' id='word_1_160' title='bbox 598 2790 653 2850; x_wconf 89' lang='lat' dir='ltr'>est,</span> <span class='ocrx_word' id='word_1_161' title='bbox 677 2785 737 2840; x_wconf 83' lang='lat' dir='ltr'>sine</span> <span class='ocrx_word' id='word_1_162' title='bbox 755 2783 832 2838; x_wconf 80' lang='lat' dir='ltr'>fanto</span> <span class='ocrx_word' id='word_1_163' title='bbox 850 2786 947 2837; x_wconf 85' lang='lat' dir='ltr'>nostro</span> <span class='ocrx_word' id='word_1_164' title='bbox 966 2703 1108 2836; x_wconf 46' lang='lat' dir='ltr'>ii&#39;aiium</span> 
     </span>
    </p>
   </div>
   <div class='ocr_carea' id='block_1_9' title="bbox 239 2867 1107 3015">
    <p class='ocr_par' dir='ltr' id='par_1_11' title="bbox 239 2867 1107 3015">
     <span class='ocr_line' id='line_1_25' title="bbox 239 2867 1107 2956; baseline -0.012 -27"><span class='ocrx_word' id='word_1_165' title='bbox 239 2875 386 2932; x_wconf 82' lang='lat' dir='ltr'>transfem‘</span> <span class='ocrx_word' id='word_1_166' title='bbox 408 2892 465 2930; x_wconf 91' lang='lat' dir='ltr'>non</span> <span class='ocrx_word' id='word_1_167' title='bbox 488 2876 593 2956; x_wconf 81' lang='lat' dir='ltr'>potest.</span> <span class='ocrx_word' id='word_1_168' title='bbox 628 2872 810 2925; x_wconf 75' lang='lat' dir='ltr'>Poiffouius:</span> <span class='ocrx_word' id='word_1_169' title='bbox 834 2871 850 2922; x_wconf 89' lang='lat' dir='ltr'>l.</span> <span class='ocrx_word' id='word_1_170' title='bbox 875 2877 904 2922; x_wconf 90' lang='lat'>11</span> <span class='ocrx_word' id='word_1_171' title='bbox 924 2869 957 2921; x_wconf 84' lang='grc' dir='ltr'>Ι).</span> <span class='ocrx_word' id='word_1_172' title='bbox 980 2869 1012 2920; x_wconf 85' lang='lat' dir='ltr'>de</span> <span class='ocrx_word' id='word_1_173' title='bbox 1031 2868 1063 2919; x_wconf 85' lang='lat' dir='ltr'>R.</span> <span class='ocrx_word' id='word_1_174' title='bbox 1081 2867 1107 2920; x_wconf 83' lang='lat' dir='ltr'>J.</span> 
     </span>
     <span class='ocr_line' id='line_1_26' title="bbox 972 2960 1072 3015; baseline -0.02 -9"><span class='ocrx_word' id='word_1_175' title='bbox 972 2960 1012 3015; x_wconf 81' lang='lat'>50,</span> <span class='ocrx_word' id='word_1_176' title='bbox 1033 2961 1072 3006; x_wconf 81' lang='lat'>1⁷.</span> 
     </span>
    </p>
   </div>
   <div class='ocr_carea' id='block_1_10' title="bbox 291 3038 1107 3120">
    <p class='ocr_par' dir='ltr' id='par_1_12' title="bbox 291 3038 1107 3120">
     <span class='ocr_line' id='line_1_27' title="bbox 291 3038 1107 3120; baseline -0.017 -17"><span class='ocrx_word' id='word_1_177' title='bbox 291 3046 345 3113; x_wconf 81' lang='lat' dir='ltr'>Qui</span> <span class='ocrx_word' id='word_1_178' title='bbox 362 3049 461 3120; x_wconf 83' lang='lat' dir='ltr'>potest</span> <span class='ocrx_word' id='word_1_179' title='bbox 477 3045 573 3100; x_wconf 83' lang='lat' dir='ltr'>invitis</span> <span class='ocrx_word' id='word_1_180' title='bbox 597 3045 733 3106; x_wconf 84' lang='lat' dir='ltr'>alienare,</span> <span class='ocrx_word' id='word_1_181' title='bbox 756 3041 846 3095; x_wconf 89' lang='lat' dir='ltr'>multo</span> <span class='ocrx_word' id='word_1_182' title='bbox 868 3038 959 3108; x_wconf 83' lang='lat' dir='ltr'>magis</span> <span class='ocrx_word' id='word_1_183' title='bbox 982 3040 1012 3092; x_wconf 82' lang='lat' dir='ltr'>et</span> <span class='ocrx_word' id='word_1_184' title='bbox 1028 3038 1107 3106; x_wconf 79' lang='lat' dir='ltr'>igno-</span> 
     </span>
    </p>
   </div>
   <div class='ocr_carea' id='block_1_11' title="bbox 0 0 1362 3558">
    <p class='ocr_par' dir='ltr' id='par_1_13' title="bbox 0 0 1362 3558">
     <span class='ocr_line' id='line_1_28' title="bbox 0 0 1362 3558; baseline 0 0"><span class='ocrx_word' id='word_1_185' title='bbox 0 0 1362 3558; x_wconf 95' lang='lat' dir='ltr'> </span> 
     </span>
    </p>
   </div>
  </div>
 </body>
</html>
