2698 3558
592 325 630 388 11

227 493 346 548 Videtur
364 492 439 547 enirn
457 491 590 562 gessisse,
608 492 657 560 qni
675 509 726 562 per
744 493 831 547 alium
849 493 946 563 gessit.

271 578 433 632 Umerus:
452 581 469 631 1.
488 585 504 632 5
522 583 541 643 5
559 586 574 633 3
594 579 626 631 Ι).
644 581 678 631 de
695 579 841 631 administr.
860 584 907 632 tut.
926 587 967 641 26,
988 588 1011 633 7.

173 695 175 698 -
226 663 281 730 Qui
298 663 368 718 facit
385 681 437 734 per
455 663 554 726 alium,
578 667 622 716 est
642 662 773 732 perinde,
796 680 830 717 ac
849 663 873 718 si
890 664 978 718 saciat
995 683 1049 735 per

172 752 277 821 ipsum.
313 767 336 804 c.
356 757 387 804 72
405 753 439 804 de
457 750 490 803 14.
509 751 533 804 J.
553 751 580 802 in
599 755 642 804 tto
660 755 683 810 5,
704 756 743 803 1¹2.

224 835 327 891 Aliena
345 834 462 904 negotia
480 837 580 888 exacto
604 834 696 888 officio
719 839 867 903 geruntur,
890 853 943 890 nec
966 836 1046 904 quid-

171 939 261 990 quam
282 921 313 974 in
336 937 434 975 eorum
456 918 701 974 administratione
724 921 887 990 neglectum
906 922 943 975 ad
961 921 1047 975 decli·

170 1011 274 1062 natum
293 1007 378 1076 culpa
395 1022 518 1062 vacuum
536 1009 588 1060 est.
625 1005 654 1058 l.
673 1012 703 1058 ‘21
728 1007 753 1059 C.
772 1007 891 1059 mandati
907 1015 931 1070 4,
950 1013 991 1062 85.

225 1092 358 1146 Alienum
375 1089 522 1160 negotium
539 1088 740 1144 ratihabitione
758 1091 791 1144 fit
808 1107 910 1146 meum.

226 1177 283 1232 Suo
306 1175 403 1247 potius
426 1194 511 1245 quarn
534 1175 627 1230 alieno
650 1175 763 1231 nomine
782 1175 904 1245 quilibet
921 1178 1045 1248 gessisse

171 1266 316 1318 censetur.

226 1347 259 1401 ln
277 1347 408 1402 omnibus
428 1347 520 1402 causis
539 1364 590 1417 pro
612 1346 690 1400 fecto
714 1346 854 1416 accipitur
870 1347 911 1410 id,
935 1348 965 1402 in
988 1367 1046 1418 quo

172 1449 226 1503 per
243 1433 330 1488 alium
348 1450 427 1488 mora
445 1435 488 1496 fit,
513 1431 662 1502 quominus
680 1433 738 1487 fiat.
773 1433 954 1487 Pomomns:
977 1438 995 1489 l.
1015 1443 1047 1492 39

713 1521 745 1572 1).
764 1521 797 1573 de
815 1522 848 1574 R.
866 1521 891 1574 J.
910 1529 951 1582 50,
972 1529 1011 1575 12.

227 1605 282 1658 Per
300 1603 388 1658 aliurn
406 1621 465 1658 rem
484 1593 606 1658 alienam
623 1604 711 1658 invito
735 1604 849 1659 domino
867 1605 980 1675 pignori
998 1607 1047 1660 ob·

173 1689 258 1759 ligari
280 1707 338 1743 non
360 1706 445 1758 posse
470 1689 657 1744 certissimum
679 1693 730 1744 est.
769 1691 796 1743 l.
817 1697 831 1745 6
854 1692 879 1744 0.
902 1695 928 1744 si
948 1693 983 1744 ul.
1002 1708 1049 1745 res

833 1779 905 1845 pion.
924 1783 948 1839 8,
970 1784 1009 1832 16.

226 1857 316 1913 Nemo
348 1859 458 1914 alienae
487 1858 529 1914 rei
558 1860 746 1929 expromissor
774 1859 893 1916 idoneus
923 1861 1046 1926 videtur,

174 1943 230 1998 nisi
257 1962 322 2001 cum
349 1944 543 2000 satisdatione.
578 1945 709 2000 Plutus:
737 1949 753 2000 l.
783 1955 831 2001 110
853 1949 885 2000 D.
909 1951 942 2001 de
964 1950 998 2002 R.
1020 1948 1047 2002 J.

909 2041 950 2094 50,
971 2041 1011 2087 17.

226 2115 318 2170 Alteri
335 2115 485 2170 subvenire
499 2134 563 2170 cum
576 2116 745 2171 detrimento
759 2117 874 2172 alterius
888 2118 958 2172 nulli
969 2118 1047 2174 licet

226 2200 328 2255 Aliena
347 2201 548 2270 concupiscere
566 2219 650 2256 nemo
669 2204 762 2257 debet.

227 2285 317 2340 Nemo
339 2288 404 2355 plns
426 2286 495 2340 iuris
515 2287 551 2341 ad
570 2287 657 2341 alium
674 2289 826 2342 transferre
844 2292 942 2358 potest
960 2307 1047 2357 quam

174 2370 237 2440 ipse
255 2371 352 2426 habet.
388 2372 550 2425 Utrmncs:
569 2375 585 2426 1.
604 2380 638 2427 54
656 2373 689 2426 Ι).
707 2375 740 2426 dc
759 2375 791 2427 R.
810 2375 834 2428 J.
855 2382 895 2436 50,
916 2384 955 2429 17.

228 2456 309 2522 Quod
328 2457 448 2526 quisque
470 2458 537 2512 iuris
560 2457 590 2511 in
613 2458 733 2512 alterum
756 2460 869 2522 statuit,
893 2460 994 2515 eodem
1017 2465 1047 2515 et

175 2541 238 2610 ipse
257 2541 299 2596 uti
318 2542 411 2596 debet.
447 2545 493 2596 Ex
510 2546 550 2597 tit.
569 2550 583 2596 2
603 2545 666 2596 libri
681 2545 713 2596 Il
731 2545 788 2612 Dic.

116 2670 119 2674 .
227 2627 369 2682 Adversus
383 2632 532 2684 extraneos
542 2628 645 2683 vitiosa
657 2631 801 2699 possessio
813 2632 949 2700 prodesse
963 2632 1045 2687 solet

227 2713 410 2767 Vunutmus:
429 2716 446 2766 1.
466 2721 497 2769 53
517 2716 549 2768 D.
568 2717 601 2768 de
620 2730 692 2782 coqu.
710 2718 752 2770 vel
769 2732 818 2770 aon.
832 2732 907 2784 poss.
926 2725 967 2780 41,
987 2725 1010 2771 2.

482 2859 741 2916 Alternativum.

229 2969 260 3021 ln
279 2969 453 3024 alternatiris
550 2969 653 3023 sufficit
671 2970 839 3026 alterutrum
857 2972 1015 3042 adimpleri.

584 3071 605 3108 c.
626 3063 657 3109 70
675 3059 707 3110 de
726 3058 758 3110 R.
777 3058 801 3110 J.
821 3059 846 3110 in
866 3065 908 3112 6ίο
927 3068 950 3121 5,
971 3067 1012 3115 12.
