2666 3560
561 325 620 392 129

161 551 162 554 ,
205 491 272 548 Plus
296 495 391 548 aetum
418 509 504 562 quem
531 492 669 564 seriptum
690 493 776 548 velet.
817 493 847 548 L.
869 503 886 549 4
912 494 1022 561 tlplus

792 580 884 634 valere
901 587 926 642 4,
945 585 985 634 22.

412 741 762 798 senatusconsultum.

204 852 490 908 Senatuseonsultum
513 854 569 916 est,
592 852 670 920 quod
692 854 808 907 senatus
830 850 912 906 iubet
933 855 1019 920 atque
1123 903 1128 914 ,

152 939 311 994 constituit.
347 938 364 1007 5
383 938 640 1005 1111111111.
661 947 683 1002 1,
703 945 725 992 2.

494 1100 683 1167 sequester.

204 1211 320 1282 Propiie
341 1211 371 1265 in
394 1213 540 1279 sequestre
564 1211 609 1265 est
631 1209 800 1280 depositum,
823 1211 901 1279 quod
923 1212 1018 1282 aplu-

149 1297 229 1352 ribus
246 1297 277 1350 in
295 1296 417 1352 solidum
439 1299 517 1352 certa
538 1295 700 1352 conditione
724 1295 941 1350 custodiendum
958 1297 1019 1351 red-

149 1383 332 1451 dendumque
353 1381 482 1436 truditur.
516 1382 654 1436 Plutus:
676 1385 694 1437 1.
720 1390 734 1438 6
754 1384 786 1436 D.
805 1384 920 1450 depositi
937 1390 977 1445 16,
996 1389 1020 1436 3.

203 1468 357 1537 Sequuntur
373 1461 484 1530 dieitur,
502 1469 579 1538 apud
597 1484 682 1536 quem
699 1467 794 1538 plures
814 1467 933 1522 eundem
951 1485 1019 1528 rem,

150 1556 187 1610 de
206 1571 264 1623 qua
283 1554 475 1609 controversis
497 1557 550 1618 est,
573 1554 774 1624 deposuerunt.
809 1554 1018 1611 Monusunsus:

576 1642 595 1697 l.
615 1641 715 1694 1101).
734 1640 767 1693 de
789 1639 817 1698 V.
836 1640 864 1698 S.
884 1647 924 1704 50,
945 1648 984 1698 16.

504 1820 665 1880 servitus.

204 1932 330 1988 Servitus
353 1935 399 1987 est
424 1931 546 2001 qualitas
573 1929 615 1986 rei
635 1929 783 2000 impositu,
811 1945 868 1998 que
890 1933 952 2000 quis
974 1931 1019 1986 ius

150 2035 235 2072 suum
258 2018 402 2081 deminuit
426 2017 541 2072 alterius
566 2015 652 2072 auxit.
692 2016 861 2072 ULPIANUS:
884 2018 901 2071 l.
925 2025 940 2071 5
964 2017 980 2085 5
1004 2023 1019 2070 9

646 2104 731 2157 lide
752 2103 882 2156 (11.1.
902 2109 943 2165 39,
964 2112 985 2156 1.

204 2189 378 2245 servitutum
400 2206 457 2244 uon
484 2205 519 2243 ee
539 2192 641 2244 natura
664 2193 720 2253 est,
748 2193 780 2244 ut
802 2187 911 2257 aliquid
932 2187 1020 2242 faeiat

151 2275 225 2344 quis,
239 2275 291 2329 sed
302 2279 334 2329 ut
346 2274 586 2345 aliquidpetistur
599 2278 649 2330 sut
657 2292 715 2330 non
723 2275 820 2330 faeiat.
838 2276 1019 2330 Pomomus:

571 2362 590 2414 l.
610 2369 641 2416 15
660 2361 677 2429 ᾗ
698 2369 709 2415 1
730 2362 763 2416 D.
781 2363 899 2415 deserv.
918 2369 942 2424 8,
964 2371 985 2417 1.

205 2446 330 2501 Servitus
347 2447 378 2500 in
394 2446 525 2501 faciendo
544 2445 698 2501 consistere
716 2447 824 2516 nequit

205 2531 330 2587 Servitus
349 2531 492 2587 servitutis
511 2549 574 2588 esse
592 2550 649 2587 nen
666 2535 772 2602 potest.
807 2533 944 2586 Plutus:
967 2534 985 2587 l.
1006 2541 1017 2587 1

733 2619 765 2672 D.
784 2621 817 2672 de
833 2635 883 2671 usu
902 2626 942 2681 33,
961 2625 985 2675 2.

204 2700 316 2756 Nemini
333 2706 430 2773 potest
448 2721 515 2758 suus
533 2703 628 2759 fundis
641 2703 753 2760 servire.
789 2703 955 2758 Uesuius:
973 2704 1019 2757 lt

575 2805 619 2857 pr.
638 2791 672 2844 Ι).
689 2791 715 2841 si
730 2791 830 2856 ususfr.
845 2794 901 2856 pet.
920 2797 942 2851 7,
962 2794 985 2844 6.

207 2869 284 2926 Nulli
304 2871 379 2926 enim
402 2889 447 2927 res
475 2890 526 2928 sus
549 2873 643 2929 servit.
683 2873 815 2931 Plenus:
839 2875 858 2926 l.
881 2875 1020 2927 111111

696 2975 764 3017 serv.
778 2976 825 3028 pr.
841 2955 900 3012 urb.
918 2964 942 3022 8,
962 2966 985 3014 2.

205 3039 331 3096 Servitus
350 3041 470 3100 civiliter
487 3043 644 3099 exercende
662 3047 714 3100 est.

835 3138 850 3185 9
