2666 3560
571 329 631 394 131

218 495 319 550 Servus
342 494 413 550 nihil
431 513 513 551 suum
531 497 635 551 habere
657 500 763 566 potesis
799 498 814 526 ⁴⁸
833 499 940 556 Grues:
963 502 980 555 l.
1001 511 1033 558 10

489 584 506 652 ξ
528 593 538 637 1
561 584 593 637 Ι).
611 587 644 638 de
662 599 736 651 aequ.
755 600 810 639 rer.
828 588 894 639 dom.
913 595 956 650 41,
977 597 997 642 1.

216 666 298 732 Quod
323 684 420 723 servus
441 669 489 723 vel
514 672 681 738 procurator
707 669 753 724 vel
781 671 898 726 colonus
925 675 1033 736 tenent,

166 751 293 807 dominus
317 752 429 808 videtur
450 754 606 824 possidere.
640 755 809 808 ULPIANUS:
832 759 850 810 l.
876 767 886 810 1
913 759 981 825 §22
1000 759 1033 812 D.

802 846 836 896 de
853 845 879 896 vi
895 852 937 906 43,
959 852 998 900 16.

215 924 410 994 Quodcunque
427 942 479 994 per
498 942 610 980 servum
628 927 789 995 aequiritur,
808 927 838 982 id
856 929 969 984 domino
988 947 1032 983 uo·

163 1010 290 1077 quiritur.
327 1012 423 1078 §11
441 1014 474 1066 de
491 1013 540 1066 hir.
558 1015 604 1080 qui
620 1017 663 1066 sui
681 1022 704 1076 1,
723 1021 747 1069 8.

214 1094 310 1149 Etiam
327 1095 424 1150 invitis
442 1097 524 1152 nobis
542 1114 594 1166 per
612 1115 708 1152 servos
727 1098 889 1167 aequiritur.
926 1101 1033 1155 GAIUs:

474 1185 492 1238 l.
512 1191 544 1238 32
562 1185 597 1238 D.
614 1186 647 1237 de
665 1201 738 1252 aequ.
757 1201 811 1240 rer.
830 1187 895 1239 dom.
914 1194 956 1250 41,
976 1194 998 1239 1.

215 1268 318 1321 Servus
338 1285 517 1322 successores
535 1269 641 1324 hebere
654 1288 711 1324 non
722 1273 829 1340 potest.
853 1272 912 1325 14
928 1273 954 1325 0.
967 1289 1033 1325 com-

671 1359 760 1408 munia
777 1359 810 1410 de
827 1373 896 1410 suco.
916 1364 939 1419 6,
958 1365 998 1412 59.

216 1438 270 1504 Qui
287 1439 317 1493 in
336 1439 472 1494 servitute
491 1443 542 1502 est,
562 1457 720 1510 usucapere
739 1459 797 1496 non
814 1445 920 1511 polest.

408 1525 574 1578 Uermuus:
594 1528 611 1580 1.
633 1533 680 1580 118
699 1528 733 1580 D.
752 1530 785 1580 de
803 1529 836 1581 R.
855 1528 880 1582 J.
899 1537 940 1592 50,
961 1537 999 1582 17.

215 1611 319 1666 Servus
338 1610 511 1679 reipublicae
531 1628 619 1666 causo
637 1613 738 1666 abesse
756 1630 813 1667 non
831 1617 936 1682 potest.

437 1697 575 1750 Prosus:
594 1700 611 1750 l.
632 1705 679 1751 111
700 1700 733 1756 Ι).
751 1701 783 1752 de
802 1701 834 1752 R.
853 1700 878 1753 J.
898 1707 939 1763 50,
959 1708 998 1754 17.

215 1783 249 1835 Iu
266 1799 418 1852 personam
436 1783 567 1837 servilem
584 1784 662 1838 nullu
681 1783 758 1838 cadis
777 1783 922 1854 obligatio,

369 1869 533 1922 orsurus:
553 1873 569 1926 l.
589 1877 620 1924 22
633 1886 680 1938 pr.
699 1871 732 1924 D.
751 1873 783 1922 de
802 1872 836 1923 R.
853 1871 877 1924 J.
896 1879 936 1932 50,
958 1879 998 1924 17.

217 1955 319 2009 Servus
348 1971 381 2008 ex
404 1955 596 2011 contractibus
622 1973 680 2009 non
708 1954 858 2042 obligatur.
899 1954 1032 2009 Plenus:

579 2043 648 2099 143
668 2043 702 2095 D,
719 2043 752 2095 de
775 2041 802 2094 0.
821 2046 847 2094 et
867 2043 896 2094 Α.
916 2049 957 2103 44,
977 2049 999 2095 7.

217 2127 287 2180 Cum
307 2143 387 2180 servo
405 2126 483 2180 nulla
501 2126 576 2181 ectio
596 2129 647 2183 est.
684 2127 790 2181 GAIUS:
809 2128 888 2181 1107
909 2128 934 2179 Ι)
951 2129 983 2180 de
1000 2129 1034 2180 R.

856 2212 880 2264 J.
900 2219 940 2275 50,
960 2221 999 2267 17.

218 2297 294 2352 inter
321 2295 465 2350 dominum
492 2299 521 2351 et
549 2314 659 2350 servum
686 2297 765 2350 nulle
792 2295 929 2365 obligatio
955 2296 1035 2350 nasei

164 2385 271 2455 potest.
308 2384 325 2452 ἐ
345 2391 359 2438 6
378 2383 402 2436 J.
422 2385 454 2434 de
472 2384 562 2435 παπαῖ.
583 2388 631 2435 aot.
651 2391 675 2446 4,
694 2390 718 2438 8.

218 2468 319 2524 Melior
337 2467 462 2522 conditio
476 2467 652 2522 dominorum
670 2485 722 2538 per
739 2483 835 2521 servos
853 2467 913 2520 fieri
930 2469 1034 2535 potest,

167 2555 290 2610 deterior
310 2555 371 2609 fieri
392 2572 450 2608 non
472 2557 576 2623 potest.
613 2553 719 2608 GAIUS:
739 2556 754 2608 l.
775 2560 823 2608 133
847 2554 879 2606 D.
903 2556 936 2606 de
957 2555 991 2610 R.
1008 2554 1034 2608 J.

900 2645 940 2701 50,
962 2648 1001 2694 17.

210 2725 330 2780 'Nemini
347 2725 416 2779 lieet
435 2724 494 2779 sine
514 2741 600 2779 cause
617 2724 729 2793 legibus
753 2721 868 2794 cognite
890 2722 920 2776 in
938 2739 1034 2776 servos

168 2831 233 2868 suos
254 2829 338 2881 supra
355 2811 470 2864 modum
489 2810 604 2864 saevire.
636 2811 681 2878 §2
700 2811 725 2864 J.
742 2813 774 2864 de
785 2811 835 2869 hir,
853 2812 899 2875 qur·
914 2810 957 2860 sui
975 2817 997 2871 1,
1010 2815 1034 2862 8.
