2698 3558
584 345 623 408 35

223 512 303 578 Quod
326 512 389 582 quis
413 529 447 568 ex
469 528 520 566 suu
543 512 626 580 culpe
645 512 778 566 damnum
801 512 899 576 sentit,
921 531 978 568 non
1000 514 1042 568 in·

168 598 308 668 telligitur
331 599 464 652 damnum
488 597 601 652 sentire.
635 597 822 651 POMPONIUS:
845 596 862 652 l.
886 606 935 654 203
953 601 986 653 D.
1009 601 1044 656 dc

227 735 229 738 .
809 686 843 738 R.
861 684 886 738 J.
906 693 946 749 50,
967 695 1006 740 17.

221 768 373 834 Damnum,
397 770 474 838 quod
492 769 554 838 quis
574 786 625 823 sue
643 769 727 840 culpa.
745 770 845 833 sentit,
870 769 924 824 sibi
948 770 1043 835 debet,

168 871 227 909 non
246 855 317 920 aliis,
335 855 484 925 imputare.
519 871 541 909 c.
560 862 593 910 86
612 858 644 910 de
663 857 697 909 R.
715 856 741 910 J.
759 858 786 908 in
805 863 848 910 tto
866 865 890 920 5,
910 864 950 912 12.

221 939 360 994 Damnum
381 940 518 995 infectum
545 945 589 995 est
615 939 748 994 damnum
774 941 900 995 nondum
926 941 1042 1006 fectum,

169 1027 248 1094 quod
264 1026 388 1081 futurum
406 1043 542 1082 veremur.
578 1025 685 1081 GAIUS:
709 1023 725 1080 l.
745 1029 813 1081 21).
836 1029 869 1081 de
892 1030 984 1080 domno
1003 1030 1042 1079 in-

384 1124 399 1162 u
828 1111 902 1179 secto
922 1119 963 1175 ³9,
982 1119 1005 1166 2.

223 1199 293 1256 Cum
311 1198 346 1254 de
364 1199 443 1254 lucro
462 1199 581 1254 duorum
599 1202 759 1267 quaeratur,
777 1198 878 1252 melior
896 1201 940 1252 est
958 1213 1045 1252 ceusu

74 1343 78 1347 ,
169 1285 353 1354 possidentis.
382 1285 548 1338 ULPmcus:
567 1282 583 1338 l.
604 1291 652 1340 126
672 1286 689 1354 ξ
709 1291 723 1338 ·2
742 1286 775 1338 D.
794 1287 826 1338 de
845 1286 878 1338 R.
896 1285 922 1338 J.
940 1291 981 1348 50,
1002 1291 1043 1340 17.

221 1369 277 1424 Ubi
295 1370 370 1440 enim
388 1370 553 1439 periculum,
572 1370 613 1425 ibi
631 1373 660 1425 et
678 1371 787 1424 lucrum
806 1370 969 1424 collocetur.

222 1455 265 1509 Ex
286 1470 342 1524 que
363 1473 485 1526 persone
507 1455 570 1524 quis
593 1456 703 1510 lucrum
730 1455 818 1525 capit,
847 1455 907 1510 eius
934 1455 1043 1509 fectum
1113 1487 1114 1490 =

170 1543 315 1610 praestare
334 1540 427 1595 debet.
454 1541 621 1595 Uoranus:
640 1539 657 1594 l.
678 1548 726 1595 140
746 1541 779 1594 Ι).
797 1543 830 1594 de
849 1541 921 1594 el.
940 1548 981 1604 50,
1002 1548 1043 1595 17.

221 1625 347 1680 Liberuri
365 1626 400 1680 eb
421 1626 593 1696 obligatione
611 1626 721 1680 lucrum
740 1630 791 1684 est.

220 1711 341 1764 Lucrum
359 1728 416 1765 non
434 1711 580 1780 acquirere
599 1711 716 1766 cuilibet
732 1711 809 1765 licet.

222 1797 362 1852 Prodesse
381 1797 457 1851 enim
476 1798 530 1851 sibi
547 1797 748 1865 unusquisque,
767 1796 834 1850 dum
853 1795 902 1849 elii
919 1813 977 1850 non
994 1813 1044 1850 no·

172 1886 226 1946 cet,
244 1900 302 1936 non
319 1883 493 1952 prohibetur.
529 1883 695 1936 Uurrnnus:
714 1879 730 1936 ί.
751 1891 763 1936 1
785 1883 801 1951 5
821 1891 851 1937 11
872 1883 905 1936 D.
924 1885 957 1935 de
975 1895 1046 1949 aquo

925 1975 965 2032 39,
985 1975 1007 2023 3.

224 2051 305 2118 Quod
322 2053 376 2108 tibi
393 2070 452 2108 non
468 2057 554 2122 nocet
573 2057 602 2108 et
620 2052 701 2108 elteri
724 2040 853 2122 prodest,
876 2053 960 2107 facile
979 2069 1045 2106 con·

172 2138 332 2192 cedendum
352 2143 403 2193 est.

224 2223 306 2289 Quod
324 2240 357 2278 ex
375 2224 438 2293 lege
458 2223 555 2278 datum
577 2229 620 2279 est
641 2225 763 2289 lucrm,
785 2225 912 2294 privatus
935 2225 1045 2278 auferre
1078 2282 1081 2288 ,

171 2309 265 2363 modis
285 2310 413 2364 omnibus
432 2327 489 2364 non
506 2311 622 2366 valebit.
659 2313 721 2365 Nou.
741 2319 772 2368 22
792 2327 813 2364 c.
832 2317 873 2365 38.
1061 2317 1071 2324 ”

532 2507 683 2564 Debitor.

224 2650 344 2705 Debitor
366 2651 534 2721 intelligitur
555 2652 594 2716 is,
614 2669 631 2704 a
649 2667 704 2719 quo
722 2651 812 2706 invito
831 2650 906 2720 exigi
923 2649 1048 2719 pecunie

170 2739 278 2806 potest.
314 2737 523 2790 ΜΘΗ-08011000
542 2734 558 2790 l.
579 2745 627 2792 108
646 2739 680 2790 D.
698 2739 731 2791 de
754 2739 781 2790 V.
800 2733 829 2790 S.
848 2743 889 2800 50,
910 2743 949 2790 10.

225 2821 345 2877 Debitor
362 2823 406 2877 sui
423 2823 512 2892 ipsius
530 2840 613 2878 nemo
633 2839 696 2878 esse
714 2825 818 2891 potest.

131 2899 135 2910 '
226 2909 309 2970 Nuda
317 2909 389 2964 ratio
399 2927 456 2963 non
465 2908 535 2962 fucit
544 2909 667 2976 aliquem
678 2907 844 2962 debitorem.
856 2906 1046 2960 Porffomus:

631 2991 647 3046 l.
667 3000 698 3047 26
718 2992 752 3044 D.
770 2994 803 3046 de
820 2992 907 3044 donat.
927 2995 968 3053 89,
986 2995 1009 3044 5.

225 3078 369 3132 Debitoris
388 3078 444 3134 mei
463 3078 576 3134 debitor
593 3094 650 3132 non
669 3081 712 3133 est
729 3093 808 3131 meus
828 3075 948 3130 debitor.

859 3178 890 3233 3*
