2666 3560
567 318 627 382 121

163 487 286 558 negotiis
315 491 521 558 computantur.
556 488 712 542 lomus:
741 490 758 542 1.
781 495 813 543 64
836 490 870 542 Ι).
893 491 926 542 de
948 490 982 543 R.
1004 490 1031 545 J.

214 658 295 725 Quod
321 676 384 714 raro
411 659 456 724 fit,
483 677 540 714 non
568 661 719 715 observant
744 583 935 730 legislatoris:
955 583 1031 715 111ου.

876 754 909 802 94
931 763 953 800 c.
972 754 995 800 2.

488 909 708 964 Batihabitio.

212 1017 441 1074 Ratihabitiones
459 1020 638 1090 negotiorum
656 1023 800 1089 gestorum
818 1020 856 1073 ad
871 1019 923 1074 ilia
934 1019 1033 1074 reduci

156 1108 289 1174 tempora
307 1107 434 1174 oportet,
455 1105 485 1158 in
507 1105 608 1173 quibus
628 1109 775 1160 eontracta
793 1108 865 1159 sunt.
902 1107 931 1158 L.
950 1113 982 1160 a'o
1005 1107 1046 1158 Op

295 1185 300 1191 ’
592 1193 729 1244 dodonut.
749 1195 806 1245 iu.
826 1197 936 1255 91165,
956 1198 996 1245 16.

211 1274 309 1329 Omnis
326 1275 490 1330 ratihabitio
508 1293 623 1346 prorsus
635 1275 832 1332 retrotrahitur
845 1280 874 1330 et
886 1276 1034 1331 confirmat

160 1377 210 1424 ea,
234 1377 308 1429 quae
327 1361 363 1415 ab
381 1360 462 1416 initio
482 1363 633 1416 subsecuta
651 1365 723 1416 sunt.
761 1363 790 1416 L.
810 1370 822 1415 7
846 1363 871 1415 C.
891 1365 926 1415 ad
944 1361 1032 1415 Sctum

791 1447 892 1500 Maced.
910 1456 935 1510 4,
955 1454 995 1502 28.

212 1531 388 1586 Ratihabitio
406 1532 541 1586 mandato
554 1535 742 1602 comparatur.
768 1531 932 1586 Unrrnnus:
951 1535 1032 1588 l.152

626 1619 996 1688 maantam

213 1703 244 1757 Si
271 1702 334 1771 quis
360 1707 452 1757 ratum
478 1704 622 1767 habuerit,
652 1703 730 1772 quod
759 1708 871 1774 gestum
898 1708 953 1767 est,
983 1705 1031 1758 ob·

159 1787 309 1858 stringitur
325 1789 454 1843 mandati
473 1789 646 1858 exceptione.
677 1789 842 1843 Unrnrns:
861 1791 878 1843 l.
897 1797 929 1844 60
948 1790 981 1843 1).
1000 1792 1044 1843 de.

800 1878 834 1934 R.
852 1876 877 1929 J.
896 1883 937 1940 50,
958 1884 997 1930 11.

212 1959 344 2013 Alienum
361 1960 510 2029 negotium
527 1961 728 2039 ratihabitione
746 1963 778 2017 fit
794 1979 897 2016 meum.

216 2045 320 2098 Ratum
333 2045 395 2113 quis
409 2045 514 2102 habere
527 2064 584 2102 non
595 2052 699 2117 potest,
719 2049 796 2117 quod
813 2047 903 2117 ipsius
920 2045 1035 2102 nomine

162 2149 222 2186 non
241 2135 285 2185 est
302 2134 422 2200 gestum.
458 2134 870 2198 c.9deR.J.ioat05,1a.

213 2217 278 2272 Non
296 2219 408 2272 tantum
425 2217 519 2272 verbis
537 2222 630 2274 ratum
646 2219 745 2274 haberi
763 2222 866 2289 potest,
886 2217 1035 2274 sedetiam

161 2306 237 2358 actu.
274 2303 446 2358 suinvurt:
465 2307 482 2358 1.
501 2313 516 2360 5
536 2306 570 2358 I).
588 2310 676 2357 rutum
694 2322 749 2359 rem
767 2304 825 2359 aar.
842 2313 884 2369 46,
903 2311 928 2359 8.

491 2467 591 2524 Ratio
613 2466 710 2523 iuris.

218 2577 299 2643 Quod
318 2581 416 2633 contra
432 2578 572 2633 rationem
590 2578 658 2632 iun's
677 2581 823 2647 receptum
841 2580 897 2641 est,
915 2594 973 2632 non
991 2579 1038 2632 est

166 2663 382 2734 producendum
409 2664 446 2718 ad
473 2664 697 2733 consequentias.
732 2664 866 2717 PAULUS:
889 2664 906 2716 l.
927 2672 972 2717 141
988 2679 1036 2731 pr.

702 2749 941 2812 tuentio,
962 2757 1001 2802 11.

218 2836 251 2890 In
270 2835 323 2900 his,
343 2853 414 2904 quae
434 2839 532 2890 eontra
549 2835 689 2891 rationem
706 2834 775 2888 iuris
794 2833 950 2890 constituta
963 2835 1037 2897 sunt,

165 2939 222 2977 non
250 2938 398 2991 possumus
427 2921 507 2990 sequi
529 2921 656 2991 regulam
678 2920 754 2975 iuris.
790 2921 947 2973 IULIANUS:
967 2921 983 2972 l.
1004 2926 1036 2973 15

748 3007 781 3060 1).
800 3008 833 3059 de
851 3007 915 3072 leqq.
936 3011 958 3069 1,'
977 3011 1001 3059 3.
