2698 3558
678 303 719 368 56

311 445 415 523 Fiscus
434 486 491 523 non
514 469 587 524 solet
610 469 757 526 satisdare.
792 470 958 524 Uurnrus:
986 473 1003 525 Ι.
1028 479 1039 525 1
1065 473 1086 541 5,
1104 478 1135 526 18
1206 461 1208 465 ’

756 557 789 610 D.
808 563 837 610 ut
855 559 997 624 leuatur-um
1016 564 1057 620 36,
1075 563 1115 610 ss

313 640 345 697 In
364 638 450 694 dubio
465 643 571 701 eontra.
588 640 696 694 fiscum.

314 725 396 792 Quod
416 725 503 780 semel
523 725 632 790 sumsit,
651 726 736 780 fiscus
755 743 901 794 uunquam
918 725 1020 780 reddit.

621 903 776 962 Flumen.

312 1012 462 1068 Publicum
474 1015 580 1070 flumen
597 1033 659 1070 esse
673 1015 788 1070 Cassius
802 1014 907 1079 definit,
921 1016 998 1084 quod
1008 1003 1134 1085 perenne

262 1099 306 1153 sit.
341 1099 509 1154 ULPIANUS:
529 1103 545 1154 1.
566 1109 579 1154 1
600 1103 617 1170 5
636 1109 651 1156 3
670 1103 704 1155 Ι).
723 1104 755 1155 de
770 1098 921 1166 fluminibus
939 1108 980 1164 43,
1000 1109 1039 1155 12.

312 1184 441 1240 Perenne
461 1187 511 1239 est·
524 1185 637 1250 flumen,
656 1186 733 1255 quod
751 1202 863 1256 semper
881 1186 951 1241 fluit.

541 1348 685 1404 Formae
707 1347 862 1404 mutatio.

314 1457 428 1511 Mutata
445 1457 535 1511 forma
552 1474 641 1528 prope
659 1457 804 1512 interemit
823 1458 1014 1513 substantiam
1031 1459 1079 1514 rei.

477 1542 643 1596 ULPIANUs:
663 1547 679 1597 l.
699 1550 713 1598 9
733 1545 749 1612 ᾗ
769 1552 784 1599 3
804 1545 836 1598 Ι).
855 1547 891 1598 ad
907 1541 996 1601 extit.
1019 1553 1057 1609 10,
1076 1551 1100 1600 4.

431 1705 551 1759 Fraus.
583 1704 767 1760 Fraudare.
798 1705 970 1773 Decipere.

315 1813 433 1868 Fraudis
465 1813 663 1884 interpretatio
692 1832 804 1885 semper
830 1815 860 1868 in
885 1815 946 1870 iure
975 1817 1050 1870 civili
1077 1835 1134 1871 non

264 1901 369 1954 eventu
389 1900 539 1962 duntaxat,
560 1900 610 1954 sed
628 1917 662 1954 ex
680 1900 798 1956 consilio
817 1919 929 1970 queque
950 1902 1135 1956 desideratur.

496 1986 694 2039 Premnnus:
713 1983 729 2039 l.
750 1994 781 2041 re
800 1987 833 2040 1).
853 1990 886 2040 de
904 1989 936 2043 R.
956 1988 980 2041 J.
1000 1995 1041 2050 50,
1061 1996 1102 2042 17.

314 2067 405 2124 Nemo
423 2069 537 2125 videtur
554 2071 686 2126 fraudare
706 2089 768 2135 eos,
792 2072 840 2140 qui
859 2071 953 2126 sciunt
971 2076 1000 2127 et
1019 2089 1136 2127 eonsen-

263 2154 346 2209 tiunt.
382 2155 548 2208 ULPLANUS:
567 2159 583 2210 l.
604 2165 651 2211 145
671 2157 704 2210 D.
724 2160 757 2210 de
776 2159 808 2210 R.
827 2159 852 2211 J.
871 2165 911 2222 50,
933 2167 973 2212 17.

315 2239 416 2308 Decipi
433 2258 491 2295 non
510 2244 649 2306 censetur,
669 2242 717 2310 qui
736 2242 790 2296 seit
808 2259 838 2296 se
858 2241 959 2312 decipi.

315 2324 378 2379 Non
396 2325 465 2379 facit
482 2326 620 2390 fraudem,
639 2328 688 2396 qui
706 2327 783 2392 facit,
803 2329 880 2396 quod
899 2328 992 2382 debet.

623 2489 782 2545 Fructus.

316 2596 420 2652 Omnes
450 2599 560 2652 fruetus
595 2615 689 2653 rerum
724 2602 828 2654 natura
861 2599 1007 2654 hominum
1042 2603 1138 2670 gratia

265 2682 449 2751 comparavit.
487 2681 593 2737 Gerus:
613 2686 629 2738 l.
649 2691 681 2739 28
700 2686 717 2753 5
738 2693 750 2739 1
771 2687 803 2738 D.
823 2688 856 2738 de
873 2689 965 2738 uraris
983 2675 1023 2749 22,
1044 2695 1067 2742 1.

316 2767 412 2822 Omnis
431 2767 541 2822 fructus
560 2786 617 2823 non
634 2769 695 2824 iure
714 2770 838 2835 seminis,
858 2771 909 2824 sed
925 2771 985 2824 iure
1005 2771 1059 2825 soli
1071 2788 1136 2840 per-

265 2853 377 2923 cipitur.
414 2854 570 2906 IULIANUS:
590 2857 607 2908 l.
627 2862 659 2910 25
672 2872 719 2924 pr.
738 2857 771 2908 Ι).
790 2859 823 2909 de
841 2859 931 2908 usuris
949 2863 990 2919 22,
1011 2864 1033 2909 l.

314 2938 435 2993 Fructus
462 2939 620 3009 pendentes
647 2958 713 3008 pars
740 2940 821 2995 fundi
847 2939 986 2998 videntur.
1028 2941 1135 2996 GAIUQ:

738 3028 754 3080 l.
774 3027 962 3080 44124163.
987 3027 1057 3090 V.6‚
1079 3036 1101 3080 1.
