2698 3558
673 332 692 394 2

589 505 783 562 Accusatio.

301 617 356 685 Qui
374 634 509 672 accusare
532 617 643 681 volunt,
665 615 849 686 probationes
872 616 978 670 habere
1004 615 1119 670 debent

719 703 781 756 Li
803 703 829 756 0.
848 703 880 754 dc
898 703 998 755 edendo
1016 708 1040 764 2,
1061 711 1083 757 l.

300 788 407 843 Invitus
427 805 511 859 agere
529 788 575 843 vel
593 804 728 842 accusare
740 803 823 842 nemo
838 790 965 857 cogatur.

606 874 633 928 S.
653 891 695 927 un.
717 874 743 927 C.
764 879 793 926 ut
810 888 883 926 nemo
901 875 998 925 inritus
1015 879 1040 935 3,
1061 881 1083 929 7.

627 1052 738 1109 Actio.

300 1158 383 1218 Actio
402 1163 472 1218 nihil
490 1163 567 1218 aliud
585 1167 630 1218 est
648 1181 733 1232 quarn
756 1163 800 1217 ius
820 1164 1011 1233 persequendi
1029 1162 1059 1218 in
1075 1163 1119 1218 iu·

248 1249 331 1314 dicio,
350 1250 427 1318 quod
445 1248 499 1303 eibi
517 1248 644 1303 debetur.
662 1265 708 1316 pr.
727 1249 752 1302 J.
771 1251 804 1302 de
821 1253 916 1306 action.
934 1259 959 1314 4,
978 1258 1001 1306 0.

298 1335 392 1389 Minue
411 1337 456 1388 est
468 1334 609 1388 actionem
621 1333 726 1388 habere
739 1349 825 1402 quam
836 1351 904 1389 rem.
933 1334 1118 1388 POMPONIUS:

678 1421 695 1474 l.
717 1421 814 1475 1241).
834 1422 867 1473 de
885 1420 961 1479 ΙΝ.
981 1427 1021 1484 50,
1042 1429 1081 1475 17.

299 1506 417 1576 Agendo
435 1522 519 1560 nemo
538 1522 654 1559 caueam
673 1522 753 1558 snam
770 1504 842 1559 tacit
859 1505 1037 1560 deteriorem.

300 1593 335 1655 Ie,
348 1591 398 1659 qui
410 1592 552 1646 actionem
563 1591 653 1645 habet
664 1590 701 1644 ad
709 1606 770 1644 rem
778 1590 1011 1660 recuperandam,
1023 1590 1117 1661 ipsam

245 1693 306 1730 rem
323 1677 429 1731 habere
447 1676 567 1731 videtur.
590 1676 723 1730 Pennus:
742 1679 759 1731 1.
780 1684 811 1731 15
831 1676 996 1734 55151.
1014 1683 1056 1740 50,
1076 1683 1115 1731 17.

298 1761 381 1817 Actio
399 1762 478 1817 nulla
496 1767 541 1818 eet
558 1766 657 1817 contra
676 1779 747 1827 eum,
768 1773 832 1817 oum
850 1779 906 1830 quo
924 1761 995 1815 nihii
1008 1760 1118 1831 negotii

249 1851 370 1918 gestum.

296 1932 421 1988 Alterius
444 1933 646 1988 circumventio
669 1932 718 1988 alii
740 1950 798 1988 non
819 1933 941 2003 praebet
965 1931 1114 1986 actionem

509 2019 672 2073 Uiuianus:
692 2022 708 2074 t.
727 2027 760 2076 49
781 2019 813 2074 D.
832 2021 865 2072 de
883 2019 916 2072 R.
935 2018 960 2073 J.
979 2024 1020 2079 50,
1040 2025 1079 2071 17.

295 2105 385 2159 Nemo
409 2105 444 2159 de
466 2104 649 2174 improbitate
678 2122 729 2159 rua
756 2103 937 2172 consequitur
964 2102 1114 2156 actionem.

456 2189 617 2243 Uerrium:
636 2193 653 2244 1.
673 2197 704 2245 12
722 2194 741 2255 0
761 2197 774 2244 1
794 2190 827 2244 0.
845 2192 878 2243 de
891 2187 978 2256 stertis
995 2197 1037 2252 47,
1056 2194 1080 2241 a.

296 2277 323 2329 Ie
346 2276 454 2330 nullam
475 2275 588 2331 videtur
610 2275 753 2331 actionem
778 2276 897 2339 habere,
926 2273 972 2330 cui
997 2276 1116 2342 propter

243 2359 371 2432 inopiam
388 2361 543 2416 adversarii
559 2361 651 2415 inanis
670 2362 746 2416 actio
765 2364 818 2417 est.
848 2360 951 2415 Gamo:
971 2362 987 2412 1.
1007 2358 1068 2429 00.
1081 2359 1114 2411 de

847 2448 907 2499 doto
925 2447 993 2498 molo
1010 2453 1035 2507 4,
1054 2449 1078 2497 0.

296 2531 376 2586 Τ550
402 2530 504 2602 incipit
528 2531 616 2596 actio,
644 2549 709 2586 oum
736 2549 772 2587 ea
792 2549 845 2602 per
865 2547 959 2586 rerum
982 2532 1114 2584 naturam

244 2617 386 2686 praestari
402 2621 509 2686 potest.
530 2617 662 2671 PAULUS:
681 2621 699 2674 l.
718 2626 750 2674 73
763 2635 809 2686 pr.
829 2617 861 2672 J).
881 2619 914 2671 de
936 2617 963 2671 V.
982 2617 1010 2674 0.
1028 2623 1070 2679 45,
1090 2622 1113 2668 1.

294 2702 421 2757 Actionis
439 2703 527 2758 verbo
544 2720 602 2758 505
626 2702 787 2758 continetur
809 2701 947 2772 exceptio.
981 2701 1113 2756 Pennus:

706 2792 722 2845 Ι.
742 2795 757 2844 8
777 2789 809 2843 D.
828 2791 860 2843 de
884 2790 911 2843 V.
930 2787 958 2843 S.
976 2795 1018 2853 50,
1039 2795 1079 2843 16.

297 2873 375 2939 Quae
395 2873 433 2928 ad
454 2874 596 2944 agendum
620 2877 686 2928 sunt
706 2874 889 2944 temporalia,
913 2875 950 2929 ad
973 2871 1112 2944 excipien-

243 2960 312 3014 dum
329 2963 396 3014 sunt
412 2963 561 3030 perpetua.

294 3044 408 3100 Actioni
425 3045 551 3123 nondum
569 3047 655 3100 natae
673 3062 730 3100 non
748 3044 958 3115 praescribitur.
