2666 3560
694 305 735 368 90

652 482 775 536 Metus.

331 627 423 680 Melus
442 629 486 681 est
502 625 636 680 instantis
654 625 701 680 vel
717 624 805 680 futuri
815 624 936 695 periculi
948 639 1034 678 cause
1045 622 1150 677 meniis

279 712 438 782 trepidatio.
473 711 638 766 UneanUs:
658 713 675 765 l.
695 720 708 766 1
727 712 761 764 D.
779 712 848 780 quod
863 715 947 764 metus
964 727 986 763 c.
1004 718 1029 772 4,
1048 716 1072 762 2.

330 799 424 853 Melus
447 796 630 867 accipiendus
655 797 720 867 [est]
743 814 801 851 non
827 795 949 865 quilibet
974 794 1070 858 timor,
1099 793 1150 848 sed

279 883 393 938 maioris
421 882 567 937 maliletis.
598 884 613 917 ¹*
639 882 806 936 Unemnus:
834 883 850 935 l.
874 888 889 936 5
913 882 946 934 D.
973 882 1042 948 quod
1067 884 1150 933 metus

1007 982 1029 1019 o.
1047 972 1072 1029 4,
1091 973 1114 1019 2.

331 1055 423 1109 Metus
443 1053 556 1123 [insius]
577 1055 696 1108 estnon
714 1052 780 1107 veni
797 1051 932 1115 hominis,
956 1052 1008 1106 sed
1026 1051 1074 1120 qui
1092 1068 1149 1105 me·

279 1141 334 1195 rilo
354 1142 384 1194 el
400 1139 430 1194 in
447 1138 592 1194 hominem
610 1137 871 1193 constanlissimum
889 1137 974 1210 eedil.
1002 1137 1017 1165 *
1041 1136 1149 1191 Gsms:
1216 1171 1220 1180 .
1321 1145 1322 1160 ¹

1316 1450 1322 1763 ,

700 1226 718 1277 l.
738 1231 752 1278 6
771 1225 804 1278 D.
822 1226 891 1291 quod
907 1229 990 1277 metus
1007 1239 1029 1276 o.
1047 1230 1072 1286 4,
1091 1229 1114 1276 2.

330 1313 439 1366 Melum
456 1314 552 1365 aulem
569 1313 750 1378 praesentem
767 1308 896 1378 uoeipere
920 1309 1069 1372 debemus,
1091 1325 1150 1362 non

281 1397 473 1466 suspicionem
488 1395 629 1450 inferendi
642 1395 711 1451 eius.
738 1395 904 1449 Unmnus:
924 1398 941 1450 l.
954 1403 969 1451 9
980 1411 1024 1462 pr.
1036 1395 1072 1452 1).
1082 1395 1153 1461 quod

904 1488 987 1535 metus
1004 1497 1027 1535 c.
1045 1489 1071 1543 4,
1091 1488 1114 1534 2.

331 1567 408 1621 Nihil
427 1565 579 1622 consensui
596 1569 656 1621 lem
668 1567 840 1622 eontrarium
852 1571 898 1623 est
910 1584 995 1636 quem
1006 1567 1050 1621 vis
1063 1570 1149 1634 elque

279 1657 380 1709 melus.
415 1652 582 1705 ULPIANUS:
602 1655 618 1706 I.
639 1661 688 1708 116
702 1669 749 1720 pr.
767 1655 800 1707 D.
819 1655 852 1708 de
870 1655 903 1707 R.
922 1655 947 1708 J.
967 1660 1008 1717 50,
1031 1661 1068 1707 17.

329 1741 362 1794 In
388 1738 504 1794 alterins
530 1738 687 1808 praemium
708 1739 781 1794 vetii
807 1738 932 1794 alienum
957 1742 1065 1794 metum
1091 1756 1150 1794 non

279 1829 399 1895 oportet.
434 1824 599 1878 Unmnus:
618 1827 635 1880 l.
655 1833 687 1878 14
706 1824 723 1892 ἓ
742 1832 757 1879 9
776 1826 809 1878 Ι).
826 1828 896 1892 quod
910 1831 994 1879 metus
1011 1841 1033 1879 o.
1052 1833 1076 1887 4,
1097 1832 1120 1879 2.

330 1911 404 1965 Veni
425 1911 534 1965 thuoris
556 1910 634 1965 iusta
657 1910 801 1965 excusatio
819 1928 877 1965 non
896 1914 947 1966 esi.
985 1911 1112 1966 Guneus:
1131 1912 1148 1964 l.

744 2003 793 2051 184
811 1997 847 2050 Ι).
865 1998 898 2050 de
916 1998 949 2050 R.
967 1997 993 2050 J.
1012 2004 1053 2060 50,
1074 2005 1114 2051 17.

330 2082 426 2136 Vanus
444 2085 536 2136 metus
555 2081 762 2137 restitutionem
779 2098 836 2136 non
853 2082 937 2151 peril.

656 2277 769 2333 Miles.

329 2419 467 2474 Voluntas
485 2420 584 2475 militis
602 2421 632 2475 in
656 2421 835 2493 expeditione
859 2423 991 2492 occupati
1013 2439 1065 2492 pro
1086 2423 1146 2478 iure

279 2507 414 2561 servatur.
453 2507 480 2558 l.
501 2515 514 2561 1
538 2507 563 2559 θ.
581 2508 614 2560 de
631 2512 689 2561 test.
707 2509 759 2560 mil.
778 2515 803 2572 6,
822 2516 863 2563 21.

273 2629 278 2640 .
329 2590 426 2645 Militis
445 2590 507 2644 sole
523 2593 655 2646 volunles
672 2592 703 2646 in
720 2594 854 2648 testando
874 2597 1026 2664 spectatur.
1057 2595 1102 2663 §5
1122 2597 1147 2649 J.

822 2681 856 2733 de
872 2679 929 2733 Iter.
948 2683 1008 2733 inst.
1028 2687 1052 2743 2,
1072 2687 1112 2734 14.

329 2761 415 2816 Militi
431 2762 499 2817 lieet
515 2763 598 2832 plura
615 2765 789 2818 testamenta
806 2764 908 2820 faeere.
942 2765 1109 2818 ULPIAnus:
1129 2768 1146 2820 l.

662 2855 693 2903 19
707 2864 754 2916 pr.
772 2850 806 2902 D.
824 2851 857 2903 de
877 2855 935 2903 test.
954 2853 1007 2903 mil.
1027 2857 1067 2914 29,
1088 2859 1111 2904 1.

328 2931 410 2985 Miles
428 2934 508 3001 psile
526 2935 649 2987 lesletus
661 2935 758 3002 polest
770 2934 916 2997 decedere,
934 2939 1016 3004 pene
1028 2935 1145 2990 intesta-

278 3018 332 3070 tus.
368 3016 532 3070 UnPIAnus:
551 3018 568 3070 l.
588 3024 603 3072 6
621 3018 654 3070 D.
673 3020 706 3072 de
722 3022 781 3072 lest.
800 3021 853 3073 mil.
872 3025 912 3084 29,
933 3028 955 3073 1.
