2698 3558
604 297 641 362 61

148 483 153 496 ³
239 464 380 530 Quamdiu
398 465 541 520 hereditas
558 463 644 528 iacet,
661 464 807 534 possessio
825 466 930 522 nuliius
950 471 1001 521 ert

237 549 377 620 Legitima
394 550 538 604 hereditas
558 553 610 613 est,
630 567 704 617 quae
724 551 759 604 ab
771 550 909 606 intestato
923 552 1057 606 defertur.

237 634 378 704 Legitima
395 635 538 690 hereditas
557 638 670 690 tantum
687 635 815 705 proximo
835 636 967 692 defertur.

238 719 309 774 Post
331 720 429 775 decem
452 737 565 775 menses
587 721 685 774 mortis
709 724 793 775 natus
816 739 874 776 non
892 722 1058 778 admittetur

184 808 223 861 ad
240 803 397 874 legitimam
415 805 609 860 hereditatem.
638 805 840 860 Uannius-1.
860 815 875 862 3
894 808 911 876 ἓ
932 816 960 862 11
981 808 1013 861 Ι).
1027 811 1059 862 dr

737 895 793 944 ruis
811 899 837 946 et
855 895 902 962 lep.
923 899 963 956 38,
984 901 1024 949 16.

240 977 380 1044 Quamdiu
397 980 495 1047 potest
513 994 546 1032 ex
564 979 738 1032 testamento
758 978 830 1032 adiri
846 979 1003 1041 hereditas,
1023 980 1059 1033 ab

184 1063 324 1129 intestato
343 1080 401 1117 101
418 1061 550 1117 defertur.
588 1061 751 1116 ULPIANus:
771 1065 787 1116 1.
807 1070 839 1119 39
859 1065 891 1117 Ι).
910 1067 943 1118 dc
959 1068 1058 1132 acquir.

865 1150 920 1202 her.
940 1158 981 1212 22¹,
1001 1158 1024 1204 ·2.

240 1233 295 1299 Qui
313 1237 467 1288 extremam
479 1233 656 1287 voluntatem
668 1232 698 1286 in
711 1232 828 1288 alterius
843 1233 1059 1303 dispositionem

186 1318 351 1381 committit,
374 1335 432 1372 non
455 1317 567 1372 videtur
585 1318 723 1372 decedere
740 1317 904 1374 intestatus.
940 1336 962 1372 c.
982 1322 1060 1375 131

768 1406 801 1458 dc
818 1409 919 1458 testam.
939 1413 962 1467 3,
982 1413 1022 1460 ⁶26.

238 1489 301 1558 Non
320 1492 364 1544 est
382 1488 441 1543 sine
459 1488 571 1550 herede,
590 1487 639 1556 qui
652 1506 735 1544 suum
746 1489 880 1544 heredem
891 1491 980 1545 habet
991 1491 1060 1545 lieet

185 1573 378 1629 abstinentem
396 1590 434 1629 se.
460 1574 627 1628 umissos:
647 1577 663 1626 1.
677 1582 709 1630 30
730 1576 794 1644 510
813 1577 846 1629 D.
864 1578 1058 1644 defideieomm.

831 1658 917 1715 libert.
936 1669 978 1724 40,
998 1671 1021 1716 5.

239 1745 269 1800 Iu
290 1744 346 1800 suis
365 1745 517 1800 heredibus
537 1744 624 1800 aditio
648 1763 705 1800 non
728 1749 772 1800 est
794 1746 969 1812 necessaria,
993 1748 1060 1816 quia

187 1831 286 1886 statim
304 1831 366 1901 ipso
385 1830 445 1885 iure
463 1830 583 1886 heredes
604 1830 735 1886 existunt.
767 1830 873 1885 enos:
892 1836 908 1887 l.
929 1841 960 1888 14
980 1834 1012 1886 I).
1025 1836 1058 1886 de

736 1919 792 1970 suis
810 1923 836 1970 et
853 1920 900 1986 lep.
920 1925 961 1981 38,
983 1927 1021 1973 16.

239 2003 327 2058 Heres
341 2002 570 2070 quandocunque
584 2003 714 2058 adeundo
728 2003 915 2058 hereditatem
924 2005 981 2059 iam
990 2006 1059 2057 tunc

187 2107 204 2142 a
214 2092 304 2144 morte
316 2087 488 2144 successisse
499 2088 632 2142 defuncto
638 2087 815 2158 intelligitur.
833 2089 1058 2141 Fnonnnnmus:

557 2177 574 2228 I.
594 2181 627 2230 54
646 2175 678 2227 Ι).
697 2177 729 2228 de
746 2176 846 2241 acquir.
864 2175 921 2228 ter.
941 2181 981 2236 29,
1001 2182 1024 2228 2.

241 2259 311 2314 Cum
329 2261 417 2314 semel
436 2259 515 2314 edita
529 2264 577 2314 'est
594 2259 748 2322 hereditas,
768 2259 858 2313 onmis
872 2259 1000 2313 defuncti
1012 2276 1059 2314 vo·

186 2345 282 2400 luntas
301 2349 364 2400 rata
382 2345 571 2400 constituitur.
598 2345 797 2398 Pronurus:
817 2347 833 2398 l.
853 2353 883 2398 55
904 2345 921 2412 ᾖ
940 2352 955 2398 2
975 2346 1063 2400 1).οᾱ

519 2425 522 2433 '
738 2430 826 2484 Solum
848 2430 921 2483 Treb.
942 2436 982 2492 36,
1004 2438 1025 2484 1.

239 2516 332 2571 Semel
353 2517 436 2571 heres
460 2533 571 2586 semper
593 2517 684 2572 heres.
719 2516 776 2583 les.
796 2517 825 2569 L.
844 2522 876 2571 88
896 2517 928 2568 D.
952 2517 1059 2569 delier.

841 2604 899 2654 inst.
920 2609 961 2664 28,
980 2604 1026 2666 5.]

239 2687 321 2742 N'olle
331 2687 408 2742 adire
421 2687 611 2743 hereditatem
622 2705 680 2742 101
693 2687 812 2752 videtur,
833 2687 882 2754 qui
893 2703 951 2740 non
962 2689 1061 2755 potest

188 2772 274 2827 adire.
310 2773 474 2826 ULPIANUS:
494 2777 509 2826 I.
529 2781 552 2826 4.
573 2775 604 2828 l).
623 2777 656 2827 dr
674 2776 758 2840 oqrar'r.
777 2774 832 2826 her.
853 2779 894 2835 29,
915 2780 938 2826 1.

239 2859 413 2914 Hereditatis
432 2860 520 2914 aditio
537 2859 568 2912 in
586 2859 672 2912 dubio
691 2875 748 2912 non
766 2857 964 2927 praesumitur.

238 2945 303 2998 Non
321 2946 382 2999 vult
398 2945 481 3000 heres
500 2961 571 3007 esse,
591 2944 639 3012 qui
657 2944 694 2999 ad
707 2945 793 2998 alium
806 2942 957 2998 transferre
970 2940 1062 2996 voluit

187 3029 384 3085 hereditatem.
421 3031 586 3083 Uurmrus:
606 3032 622 3083 l.
643 3039 656 3086 6
677 3032 709 3083 D.
728 3032 760 3084 de
779 3031 811 3082 R.
830 3030 855 3083 J.
874 3037 914 3093 50,
936 3036 974 3086 1⁷.
