2666 3560
593 275 748 356 89Ι

229 461 349 514 Matrem
362 475 495 528 cogemus
508 458 674 529 praesertim
686 460 774 529 vulgo
787 460 932 530 quaesitos
943 459 1049 514 liberor

133 553 136 562 '
178 547 261 600 alere.
296 544 463 598 Uarianos:
483 546 500 597 l.
519 551 534 600 5
554 546 570 612 ᾗ
589 542 606 598 l
625 545 657 600 D.
676 547 709 599 de
728 561 831 614 operose.
849 552 890 609 25,
910 552 932 600 3.
963 565 965 569 ’

137 631 140 638 ’
229 630 324 699 Vulgo
348 629 493 698 quaesitus
515 633 634 684 matrem
653 629 788 698 sequitur.
824 630 951 684 crisos:
979 632 996 684 l.
1017 637 1048 685 19

670 716 704 769 Ι).
722 717 756 769 de
773 720 845 770 statu
861 711 927 771 bom.
948 724 970 778 1,
990 722 1014 770 5.

230 800 289 867 Qui·
300 800 426 855 nascitur
444 799 650 869 sine'legitimo
661 800 850 864 matrimonio,
868 805 987 856 matrem
1006 818 1047 856 ee·

178 885 280 954 quitur.
316 886 483 940 ULPIANUS:
501 887 518 939 l.
537 893 569 940 2⁴
588 887 621 939 D.
640 888 672 939 de
689 891 759 939 statu
777 887 844 941 bom.
863 894 886 951 1,
905 893 928 941 5.

134 985 140 998 ¹
225 971 307 1036 Eius,
326 971 374 1039 qui
392 971 497 1034 iustum
514 975 625 1040 patrem
642 988 701 1025 non
718 971 814 1036 habet,
832 972 923 1042 prima
940 972 1018 1042 origo
1032 989 1050 1025 a

154 1061 158 1070 '
176 1061 268 1114 matre
282 1073 372 1126 eoque
386 1057 440 1120 die,
459 1073 515 1124 quo
529 1073 562 1110 ex
576 1073 612 1110 ea
624 1056 717 1111 editus
731 1060 783 1119 est,
800 1057 942 1112 numerari
954 1057 1048 1115 debet.

429 1141 600 1196 wams:
617 1144 634 1195 l.
653 1149 668 1197 9
687 1143 720 1195 D.
740 1145 911 1210 art-municip.
930 1151 971 1207 50,
992 1151 1014 1197 1.

230 1227 293 1281 Non
312 1228 398 1282 debet
411 1227 556 1282 calamitas
568 1228 667 1282 matris
681 1228 707 1282 ei
718 1245 830 1291 nocere,
849 1227 898 1296 qui
909 1229 939 1282 in
952 1231 1049 1282 ventre

179 1317 231 1367 eet.
267 1314 460 1366 MARGIANUS:
480 1316 495 1368 l.
515 1321 529 1368 5
550 1315 566 1382 ἓ
587 1314 877 1368 altitonantem.
899 1319 963 1376 1‚‘5.

230 1399 322 1453 Mater
343 1417 394 1468 pro
417 1400 475 1453 filia
497 1399 594 1454 dotem
617 1400 683 1454 dare
710 1417 767 1454 non
795 1399 907 1469 cogitur
932 1399 987 1453 nisi
1015 1415 1049 1452 ex

178 1502 283 1553 magna
301 1488 330 1539 et
347 1485 490 1555 probabili
503 1501 588 1540 eausa
599 1485 646 1540 vel
657 1486 721 1555 lege
735 1485 898 1555 specialiter
909 1501 1050 1554 expressa.

462 1645 465 1652 Ι
521 1619 522 1624 ,
591 1571 619 1624 l.
640 1579 672 1626 14
694 1572 1015 1637 0.dejoredot.5‚1·2.

485 1765 609 1822 Hadia.
640 1753 746 1821 Finis.

232 1877 285 1974 Qai
305 1911 366 1964 vult
388 1910 485 1973 finem,
508 1911 582 1966 velle
606 1911 692 1965 etiam
715 1911 838 1966 creditur
859 1911 966 1974 media,
989 1911 1049 1964 sine
1128 1899 1131 1904 ¹

179 1995 282 2064 quibus
300 1995 363 2064 finis
383 1995 506 2051 obtineri
523 1997 630 2065 nequit.

232 2080 330 2158 Qualia
349 2084 483 2145 extrema,
502 2081 572 2161 talia
588 2081 691 2136 media.
782 2133 785 2140 ,

533 2276 699 2332 Medicus.

232 2421 310 2502 ¹Siout
336 2421 447 2477 medico
475 2422 611 2491 imputari
639 2425 765 2476 eventus·
785 2422 968 2476 mortalitatis
991 2439 1049 2475 non

180 2507 273 2572 debet,
291 2507 332 2562 ita
349 2507 426 2575 quod
443 2523 495 2576 per
511 2506 685 2576 imperitiam
705 2506 852 2571 commisit,
871 2507 1006 2577 imputari
1024 2507 1049 2561 ei

180 2587 274 2646 debet.
308 2592 512 2646 UL111ANUszl.
532 2600 546 2648 6
566 2593 583 2660 ᾗ
604 2593 891 2663 7D.dooff.proes.
912 2602 934 2656 1,
955 2599 994 2647 18.
1038 2633 1045 2646 .

563 2790 671 2845 Marx.

231 2932 333 2986 Merois
352 2932 506 3002 appellatio
525 2933 624 2986 adres
647 2932 766 2994 mobiles
789 2937 901 2988 tantum
918 2932 1051 3002 pertinet.

439 3018 605 3072 orarios:
626 3021 642 3072 1.
662 3027 693 3074 66
712 3020 745 3072 D.
764 3022 797 3073 de
820 3019 848 3072 V.
867 3017 895 3072 S.
915 3025 955 3082 5ο,
977 3025 1016 3072 16.
