2698 3558
582 303 621 366 37

445 477 619 546 Delegatio
643 477 761 535 debiti.

218 620 356 693 Delegare
380 625 424 678 est
445 623 507 676 vice
532 640 582 676 sua
605 622 690 676 alium
712 639 792 677 reum
815 623 881 677 dare
906 623 1040 678 creditori

165 708 214 762 vel
227 707 273 762 cui
284 708 406 762 iusserit.
433 707 598 765 ULPIANUS:
617 706 633 763 i.
648 717 678 764 11
689 725 734 777 pr.
746 709 780 763 D.
798 711 830 762 de
848 716 932 763 nonai.
951 717 993 773 46,
1013 717 1038 764 2.

219 793 357 864 Delegare
377 793 515 863 scriptura
532 795 682 860 volunta,
708 795 755 848 ubi
777 795 830 848 fari
854 812 912 849 non
933 797 1039 864 potest,

166 879 329 934 debitorem
351 898 432 934 suum
455 880 517 949 quis
539 883 643 950 potest.
678 880 844 934 Uoranus:
867 878 883 933 l.
905 889 934 936 11
954 881 987 934 D.
1006 883 1040 935 de

816 973 899 1020 novat.
918 975 959 1030 46,
980 975 1003 1022 2.

219 1050 368 1120 Delegatio
399 1049 488 1104 debiti
517 1051 573 1105 nisi
603 1053 797 1107 consentiente
828 1055 857 1106 et
884 1052 1039 1123 stipulante

164 1136 351 1207 promittente
371 1136 500 1191 debitore
518 1137 578 1191 iure
596 1137 693 1206 perfici
711 1155 769 1192 non
786 1140 891 1207 potest.
927 1138 955 1191 L.
976 1148 988 1192 1
1013 1139 1040 1191 0.

245 1295 246 1298 Ἰ
765 1226 798 1277 de
816 1229 900 1276 norm.
919 1229 944 1285 8,
962 1229 1003 1276 42.

219 1307 279 1362 Nec
299 1307 452 1362 creditores
472 1307 606 1363 creditori
624 1309 774 1378 quisquam
786 1308 892 1363 invitus
905 1307 1039 1378 delegare

165 1397 272 1463 potest.
310 1395 338 1447 L.
358 1400 373 1448 6
395 1395 421 1447 0.
439 1397 472 1448 de
490 1400 574 1448 norm.
596 1400 620 1458 8,
638 1401 680 1449 41.

513 1588 695 1646 Delictum.
806 1641 808 1644 .

218 1734 308 1790 Nemo
328 1751 361 1789 cx
381 1751 430 1788 suo
450 1735 554 1790 delicto
573 1735 720 1791 meliorem
743 1753 823 1789 suam
845 1735 1040 1790 conditionem
1066 1753 1071 1763 ·

165 1822 260 1874 facere
278 1823 382 1890 potest.
409 1821 574 1874 ULPIANUS:
593 1819 672 1875 1184
691 1822 783 1890 511).
801 1825 834 1875 de
846 1822 917 1875 aJ.
937 1829 977 1884 50,
998 1829 1039 1875 17.

218 1906 278 1972 Neo
298 1906 373 1962 enim
392 1906 532 1975 eorrumpi
550 1907 732 1970 autmutari,
756 1907 833 1976 quod
850 1909 927 1961 recte
946 1909 1037 1959 trans·

166 1995 264 2048 ectum
283 1995 334 2055 est,
354 1992 570 2062 superveniente
589 1992 694 2046 delicto
708 1995 812 2062 potest.
839 1992 974 2045 Parrus:
993 1989 1040 2046 ii

684 2079 717 2131 D.
736 2081 769 2132 de
787 2081 883 2132 itinero
900 2084 942 2141 43,
963 2084 1002 2131 19.

217 2162 369 2230 Nunquam
399 2162 501 2217 crescit
530 2180 564 2217 ex
593 2163 736 2232 postfacto
765 2164 914 2233 praeteriti
941 2162 1040 2217 delicti

166 2248 337 2303 aestimatio.
373 2248 506 2302 Pinnos:
525 2246 541 2302 i.
562 2256 610 2304 133
630 2250 646 2318 5
668 2259 679 2304 1
700 2251 734 2303 Ι).
752 2251 784 2302 de
802 2249 836 2303 R.
854 2250 879 2303 J.
898 2257 940 2312 50,
960 2256 1000 2302 17.

217 2333 368 2402 Nunquam
394 2333 476 2402 plura
502 2333 608 2389 delicta
634 2335 831 2390 concurrentia
856 2335 977 2398 faciunt,
1007 2336 1041 2389 nt

165 2420 251 2473 ullius
269 2419 423 2488 impunitas
443 2419 536 2474 detur:
555 2437 646 2489 neque
666 2421 740 2475 enirn
759 2420 895 2475 delictum
913 2421 948 2475 ob
962 2419 1040 2473 aliud

166 2505 304 2559 delictum
321 2505 424 2558 minuit
441 2522 571 2574 poenam.
606 2505 773 2560 ULPIANUS:
796 2503 812 2559 l.
833 2507 899 2560 21).
921 2509 953 2559 de
966 2509 1039 2575 pria.

850 2589 900 2645 del.
919 2599 960 2655 47,
981 2600 1003 2646 1.

217 2674 361 2730 Delictum
379 2693 436 2729 non
453 2675 616 2745 imputatur,
634 2675 684 2729 ubi
702 2676 783 2730 dolus
802 2693 859 2731 non
878 2680 930 2730 est.

219 2759 273 2826 Qui
291 2761 364 2814 clam
383 2761 563 2830 delinquunt,
586 2762 678 2831 magis
702 2762 870 2830 delinquunt
887 2779 972 2830 quam
990 2760 1039 2829 qui

165 2847 269 2916 palam.

217 2931 349 3003 Dignitas
369 2932 505 2987 delictum
523 2935 617 3003 auget.

217 3017 361 3072 Delictum
378 3018 510 3072 iteratum
529 3019 642 3087 gravius
661 3022 712 3072 est.
