2698 3558
597 327 636 390 19

235 495 340 550 Casum
359 494 496 558 sentitis,
515 511 600 564 quem
618 493 719 564 tangit.

233 580 324 635 Maior
343 597 425 635 casus
446 580 527 650 [est],
547 579 592 633 cui
609 579 735 634 humana
752 579 900 634 infirmitas
919 580 1053 636 resistere

181 683 242 720 non
260 669 365 736 potest.
402 664 508 720 GAIUS:
527 666 544 718 1.
564 674 576 720 1
596 670 614 730 ἕ
633 674 648 718 4
667 665 699 718 Ρ.
718 668 751 719 de
773 666 801 720 O.
820 672 846 719 ct
861 667 895 740 A.
914 675 956 730 44,
976 675 999 721 7.

232 751 295 806 Νοιι
313 750 425 806 videtur
442 751 569 821 perfecte
588 751 725 819 cuiusque
744 767 815 815 esse,
835 752 913 819 quod
931 769 964 806 ex
983 769 1052 808 casu

187 837 293 892 auferri
309 840 415 909 potest.
451 836 556 891 enos:
575 838 592 890 1.
613 843 661 890 139
680 841 698 901 §
719 846 731 891 1
751 837 784 889 Ι).
803 838 836 890 de
854 837 880 890 R
898 837 974 901 loo,
995 845 1034 894 17.

561 1015 679 1072 causa.

233 1144 289 1198 Per
309 1144 447 1198 minorem
470 1161 587 1199 causam
608 1143 709 1198 maiori
732 1143 888 1213 cognitioni
910 1143 1051 1213 praeiudi·

181 1229 257 1284 oium
274 1230 336 1285 fieri
353 1247 410 1284 non
428 1233 548 1300 oportet.
575 1229 666 1284 Maior
678 1229 753 1284 enim
765 1229 896 1297 quaestio
915 1228 1052 1283 minorem

181 1332 298 1370 oausam
317 1316 354 1370 ad
371 1332 401 1370 se
419 1315 515 1370 trahit.
541 1315 676 1368 Pinnos:
696 1316 712 1368 1.
726 1323 758 1370 54
770 1315 803 1368 D.
816 1316 849 1368 de
858 1317 971 1381 judiciis
983 1322 1007 1379 5,
1026 1323 1052 1370 1.

234 1400 328 1455 Causa
346 1399 497 1455 criminalis
516 1417 574 1455 non
590 1400 769 1470 praeiudicat
787 1398 871 1455 civili.

234 1487 372 1542 Cessante
391 1503 478 1541 eausa
497 1489 592 1541 cessat
610 1485 737 1540 effectus

553 1664 678 1721 Cossio.

209 1859 213 1866 1
233 1793 428 1848 Cessionarius
448 1798 492 1848 est
508 1810 560 1863 pro
580 1792 726 1848 creditore.

231 1879 429 1934 Cessionerins
448 1879 538 1933 utitur
555 1879 615 1932 iure
636 1877 772 1932 cedentis.

233 1965 366 2020 Cedendo
386 1969 519 2019 extraneo
537 1963 608 2018 nihil
620 1963 722 2034 agitor.
749 1969 768 2029 ἕ
781 1971 796 2019 3
808 1965 833 2018 J.
846 1966 878 2018 de
890 1967 975 2034 confr.
989 1972 1013 2029 2,
1025 1973 1051 2020 4.

232 2049 303 2105 Oedi
320 2049 363 2105 ius
381 2050 531 2120 personale
551 2049 599 2102 alii
616 2065 673 2102 non
690 2052 796 2118 potest.

369 2297 372 2300 ¹
427 2227 562 2286 civitas.
592 2228 809 2295 Respublica.

234 2357 373 2412 Civitates
390 2355 567 2426 privatorum
584 2356 648 2410 loco
666 2355 816 2410 habentur.
853 2356 960 2411 GAms:
981 2360 998 2411 1.
1018 2363 1052 2412 16

713 2442 747 2496 D.
765 2444 798 2495 de
821 2441 849 2497 V.
868 2442 896 2496 S.
915 2451 956 2506 50,
977 2450 1016 2497 16.

233 2527 407 2598 Respublica
428 2527 561 2583 creditrix
583 2526 712 2582 omnibus
736 2527 973 2597 chirographariis
993 2545 1053 2586 cre·

180 2613 320 2670 ditoribus
343 2614 509 2684 praefertur.
544 2613 678 2666 PAULUS:
702 2615 718 2666 l.
738 2619 770 2668 38
792 2618 810 2678 §
831 2622 843 2667 1
864 2615 897 2666 D.
920 2617 952 2667 de
973 2615 1053 2688 roboc

845 2703 913 2752 auct.
931 2706 977 2762 42Ἰ
992 2706 1016 2754 5.

232 2786 371 2841 Absentia
389 2786 462 2850 eius,
480 2785 530 2854 qui
547 2785 720 2856 reipublicae
740 2800 827 2838 causa
845 2784 939 2848 abest,
957 2800 1053 2852 neque

180 2874 209 2928 ei
226 2888 319 2940 neque
338 2871 387 2926 alii
406 2872 544 2926 damnosa
562 2887 624 2925 esse
648 2870 740 2924 debet.
775 2869 941 2924 Uannius:
965 2872 982 2923 l.
1002 2876 1053 2924 140

714 2956 1016 3018 ffaesttmw

235 3044 316 3098 Salus
334 3043 451 3116 publica
470 3059 602 3112 suprema
619 3041 665 3096 lex
683 3047 753 3096 esto.

866 3127 897 3180 2*
