2698 3558
713 318 755 382 20

648 455 817 549 codicilli.

351 640 543 708 Quaecunque
554 639 585 696 in
597 639 735 694 codicillis
749 639 917 701 scribuntur,
929 638 1047 710 perinde
1059 638 1166 692 haben·

297 731 358 789 tur,
386 743 419 780 ac
443 724 517 779 siin
540 728 713 780 testamento
737 724 844 794 scripta
868 728 971 780 essent
1008 724 1167 778 lunmnns:

627 813 643 864 l.
662 818 677 865 2
696 815 714 876 ἕ
734 818 748 865 2
767 812 800 864 Ι).
819 813 929 877 dejure
947 813 1027 864 codic.
1049 818 1089 872 29,
1109 819 1133 864 7.

350 895 493 951 codicillis
512 896 655 951 hereditas
674 913 766 964 neque
786 895 950 964 dariaeque
964 895 1169 966 adimipoteit.

430 981 600 1035 Scanvonll:
619 978 635 1035 l.
656 989 686 1036 76
705 982 739 1036 Ι).
760 984 796 1034 od
812 981 899 1036 Sctum
920 983 1030 1034 Trebell.
1049 989 1090 1044 36,
1111 990 1133 1036 1.

349 1067 404 1120 Per
421 1065 670 1121 fideicommissum
687 1067 831 1122 hereditas
851 1067 987 1121 codicillis
1006 1067 1066 1122 inre
1084 1069 1168 1122 relin-

299 1151 402 1222 quitur.
438 1157 456 1218 §
475 1159 489 1206 ‘2
509 1153 533 1206 J.
552 1155 585 1207 de
602 1156 730 1206 codicillis
748 1161 771 1216 2,
791 1160 831 1208 25.

351 1237 481 1292 Codicilli
503 1237 591 1293 deleti
608 1256 665 1293 non
683 1238 789 1294 valent.
815 1241 830 1274 *
856 1238 1021 1292 Unnmnus:
1045 1237 1062 1292 l.
1083 1248 1094 1293 l
1114 1244 1168 1304 §5

351 1319 355 1326 ’
669 1325 701 1377 D.
720 1327 753 1377 dc
770 1325 820 1384 tis,
838 1339 905 1392 quae
922 1327 948 1377 in
967 1330 1025 1379 test.
1045 1332 1086 1387 28,
1106 1333 1131 1378 4.

647 1519 824 1588 cogitatio.

351 1645 540 1734 Cogitationis
552 1681 676 1734 poenam
687 1681 770 1720 nemo
782 1665 899 1736 patitur.
925 1665 1092 1719 Uiuianus:
1105 1663 1122 1719 l.
1137 1673 1168 1720 18

822 1753 855 1806 D.
874 1754 907 1805 dc
919 1756 1015 1820 poenis
1032 1759 1074 1814 48,
1094 1759 1135 1806 19.
1162 1798 1165 1804 .

350 1835 532 1906 Propositum
549 1836 579 1890 in
596 1839 690 1891 mente
709 1840 851 1892 retentum
869 1837 939 1908 nihil
957 1841 1100 1906 operatur.
1133 1859 1137 1867 ·

533 2100 541 2115 ι
649 2032 829 2101 cognatio..

352 2166 475 2246 Cognati
498 2179 564 2231 sunt
585 2193 637 2247 per
657 2177 784 2231 seminini
807 2195 890 2232 sexus
909 2196 1045 2248 personas
1065 2196 1169 2250 cogna-

300 2262 378 2318 tione
396 2261 494 2316 iuncti.
530 2266 548 2327 §
569 2269 581 2315 1
601 2263 626 2315 J.
645 2265 677 2315 de
695 2265 764 2330 lepit.
784 2269 871 2330 agnat.
889 2270 936 2316 tut.
957 2273 979 2325 1,
1000 2273 1039 2319 15.

352 2347 408 2402 'l'ot
426 2351 493 2402 sunt
516 2348 620 2418 gradus
642 2347 673 2402 in
696 2348 879 2418 cognatione,
903 2354 973 2417 quot
995 2353 1062 2405 sunt
1084 2367 1169 2420 gene-

299 2432 434 2488 rationes.

343 2519 416 2576 lura
434 2517 579 2588 sanguinis
599 2519 676 2573 nullo
694 2520 754 2575 iure
773 2519 849 2573 civili
866 2520 959 2574 dirimi
976 2524 1106 2590 possunt

561 2605 747 2658 Pomponius:
766 2603 782 2659 l.
801 2613 817 2662 8
836 2608 869 2660 1).
887 2609 920 2660 dc
939 2608 972 2660 R.
990 2607 1014 2660 J.
1033 2613 1075 2670 50,
1096 2614 1135 2660 1⁷.

606 2801 871 2858 commendatio.
968 2806 969 2809 ’

352 2945 396 3001 Ex
413 2945 659 3002 commendatione
678 2950 707 3002 et
720 2947 837 3002 consilio
851 2947 978 3018 generali
989 2948 1067 3002 nulla
1078 2947 1170 3002 nasci·

300 3034 348 3086 tur
366 3030 513 3103 obligatio.
