2698 3558
579 349 620 413 33

216 516 363 587 impen'tia
381 517 481 586 culpae
500 516 708 571 adnumeratur.
735 516 841 570 GAIUS:
860 513 876 568 l.
897 523 945 570 132
958 517 991 569 D.
1004 519 1038 570 de

340 653 344 661 .
804 602 881 655 HJJ.
900 608 940 663 50,
961 609 1001 654 17.

216 688 307 742 Lusus
326 703 437 755 quoque
455 686 555 740 noxius
573 687 603 740 in
621 686 704 756 eulpa
722 690 773 741 est.
808 688 944 742 pimus:
967 683 983 738 l.
1006 693 1036 740 ιο

656 773 689 826 Ι).
709 775 745 824 ad
760 769 808 840 leq.
828 769 914 839 Aquil.
933 778 957 835 9,
976 782 1001 826 2.

217 857 310 927 Culpa
327 861 370 912 est
386 856 544 910 immiscere
564 873 594 910 se
612 856 653 910 rei
670 857 707 910 ad
725 875 755 912 se
774 875 832 912 non
849 857 1011 928 pertinenti.

412 943 598 996 Ponnomus:
615 938 632 994 l.
651 949 682 996 36
701 944 734 996 Ι).
753 945 786 998 de
804 944 837 997 R.
856 943 880 996 J.
900 950 940 1006 50,
961 949 1001 996 17.

217 1029 281 1083 Non
300 1028 421 1084 estsine
441 1027 531 1097 eulpa,
550 1026 599 1094 qui
615 1027 665 1091 rei,
683 1044 756 1096 quse
774 1028 892 1082 adeum
904 1044 961 1082 non
972 1044 1035 1097 per·

162 1115 246 1177 tinet,
266 1131 296 1168 se
312 1113 462 1168 immiscet.
498 1129 520 1166 c.
540 1119 570 1167 19
589 1115 622 1167 de
640 1114 673 1167 R.
692 1114 716 1167 J.
736 1115 763 1166 in
782 1119 824 1169 620
842 1121 866 1175 5,
887 1115 926 1166 12.

217 1200 251 1254 ln
264 1200 326 1269 lege
339 1199 452 1267 Aquilia
464 1202 493 1252 et
504 1197 648 1252 levissima
660 1199 743 1268 culpa
755 1198 840 1253 venit.
867 1198 1035 1252 UnPIANUS:

511 1279 527 1336 1.
545 1291 579 1338 44
591 1299 639 1352 pr.
657 1284 690 1336 D.
709 1285 745 1336 ad
761 1279 809 1350 leq.
831 1281 913 1350 Aquil.
933 1291 957 1346 9,
975 1291 1000 1338 2.

217 1369 308 1438 Culpa
325 1369 414 1431 abest,
433 1368 457 1421 si
476 1368 570 1422 omnia
581 1368 741 1430 factasunt,
761 1384 832 1436 quae
852 1367 1034 1438 diligentissi-

162 1473 227 1509 mus
246 1454 366 1523 qnisque
384 1454 582 1509 observaturus
599 1453 706 1508 fuisset.
734 1451 840 1508 Gnms:
859 1451 875 1506 ί.
895 1454 1034 1522 25571).

679 1536 760 1591 locati
776 1539 898 1592 conducti
916 1547 956 1602 19,
976 1547 999 1593 2.

195 1664 199 1672 -
217 1624 308 1694 Culpa
326 1628 412 1688 earet,
430 1625 479 1693 qui
497 1625 558 1689 seit,
577 1623 628 1678 sed
646 1622 796 1693 prohibere
815 1641 872 1677 non
889 1627 994 1693 potest.

459 1711 591 1765 Pennus:
609 1706 626 1763 l.
644 1717 677 1764 50
696 1709 729 1762 J).
747 1712 780 1762 de
802 1710 834 1762 R.
853 1709 878 1762 J.
897 1718 938 1772 50,
960 1718 999 1764 17.

215 1794 272 1848 Ubi
290 1811 348 1848 non
366 1799 410 1850 est
427 1796 518 1865 culpa,
535 1795 576 1849 ibi
593 1812 651 1849 non
669 1798 713 1849 est
731 1794 875 1848 delictum.

217 1878 299 1945 Quod
317 1879 379 1946 quis
398 1897 432 1934 ex
450 1897 500 1933 sua
523 1880 607 1950 culpa
628 1879 762 1933 damnum
784 1879 882 1943 sentit,
909 1896 967 1933 non
992 1879 1034 1932 in-

162 1964 304 2034 telligitur
326 1964 459 2019 damnum
482 1965 594 2020 sentire.
629 1964 813 2018 Pomomus:
840 1961 857 2016 l.
881 1971 930 2018 203
949 1965 982 2017 Ι).
1001 1967 1034 2017 de

804 2049 838 2103 R.
855 2050 880 2103 J.
900 2057 941 2114 50,
960 2057 1000 2104 17.

459 2193 557 2250 Oura.
589 2193 741 2250 curator.

216 2304 346 2358 Officium
373 2303 507 2358 curatoris
533 2304 563 2358 in
590 2304 834 2359 administratione
855 2305 1035 2376 negotiorum

161 2393 285 2444 constat.
321 2389 454 2442 PAUnus:
473 2385 489 2441 l.
508 2390 592 2444 201).
611 2392 643 2442 de
663 2391 696 2444 R.
715 2391 747 2443 N.
766 2398 807 2454 23,
827 2397 850 2444 2.

216 2475 335 2529 Curator
352 2472 393 2528 rei
411 2472 499 2527 datur.

215 2559 335 2613 Curator
351 2561 523 2612 testamento
540 2575 632 2626 neque
651 2575 668 2611 a
685 2562 766 2629 petre
784 2563 860 2614 reete
880 2559 970 2614 datur.

242 2643 451 2697 Monnsnnws:
469 2641 486 2696 l.
507 2651 519 2697 l
540 2644 557 2714 ἕ
577 2650 592 2698 t
611 2645 644 2697 I).
663 2647 695 2698 de
713 2646 829 2714 confirm.
847 2650 894 2698 tut.
913 2651 954 2708 26,
974 2653 998 2700 3.

216 2729 335 2783 Curator
351 2730 521 2782 testamento
540 2744 597 2782 non
616 2727 711 2782 datur:
730 2730 813 2783 datus
827 2733 923 2785 tamen
936 2730 1033 2785 confir-

162 2817 257 2868 matur
279 2813 394 2868 decreto
417 2813 555 2882 praetoris
574 2812 620 2867 vel
642 2813 789 2882 praesidis.
826 2817 843 2884 ἕ
863 2825 876 2870 1
896 2816 921 2869 J.
939 2818 972 2868 de
989 2832 1033 2868 cu-

810 2906 895 2955 rator.
916 2910 938 2963 1,
958 2907 998 2956 23.

158 3025 161 3033 i
215 2985 365 3039 Curatores
384 2984 507 3039 minores
526 2983 581 3038 sibi
599 2984 669 3054 ipsis
687 2990 794 3055 petent.
824 2987 1032 3040 Monnsimus:

484 3067 500 3122 l.
520 3077 534 3122 2
555 3071 571 3139 5
590 3079 606 3124 4
624 3071 658 3124 D.
676 3075 722 3139 qui
733 3077 836 3142 petant.
856 3077 902 3126 tut.
922 3079 997 3136 26,6

852 3166 867 3212 3
