2698 3558
585 255 641 364 Ι73

237 468 377 538 Pleraque
389 467 419 522 iu
429 467 490 522 iure
502 484 560 522 non
572 468 691 539 legibue,
711 469 761 522 sed
778 467 903 522 mon'bus
917 471 1057 523 conehunt.

741 555 841 619 Quinct.
859 555 885 608 J.
908 553 1021 618 0.5,11.

241 640 387 696 Summum
404 639 447 694 ius
466 658 576 694 summe
596 640 703 711 [saepe]
716 639 827 694 iniuria.
854 642 904 694 Cic.
922 639 972 710 Off.
988 648 1056 701 1,1()

569 733 573 742 ’
604 730 658 788 (ex
679 727 737 780 Ter.
757 723 857 779 Heaut.
876 733 900 789 4,
919 732 943 789 5,
962 732 994 780 18
996 733 1021 792 ).

238 811 381 878 Quantum
399 815 443 866 est
461 811 536 866 enim
558 811 601 866 ius
624 811 654 866 in
678 811 793 866 civitate
817 827 892 875 esse,
913 811 968 866 nisi
992 811 1056 875 siut,

185 897 234 966 qui
248 897 317 964 ‘iure
334 913 432 966 regere
450 898 579 967 possint?
607 897 797 951 Pomomus:
816 899 832 952 l.
851 905 866 952 2
886 899 903 967 ἕ
923 904 955 952 13
973 898 1008 951 D.
1025 899 1058 949 de

799 987 866 1052 oriq.
876 988 936 1051 J‘ur.
957 994 979 1047 1,
998 991 1022 1038 2.

126 1105 130 1112 -
240 1069 311 1123 Iuris
328 1071 483 1140 praeeepia
501 1072 566 1124 sunt
582 1069 666 1124 haee:
685 1070 803 1124 honeste
816 1069 919 1131 vivere,
938 1070 1057 1123 alterum

183 1171 245 1208 non
262 1155 389 1218 laedere,
413 1172 493 1208 suum
512 1153 614 1224 cuique
632 1155 765 1210 tribuere.
800 1156 964 1210 ULPIANUS:
988 1157 1005 1208 l.
1026 1162 1057 1209 10

703 1242 935 1310 §1D.dejust.
958 1251 1021 1304 1,1.

237 1326 271 1380 In
289 1326 419 1380 omnibus
437 1325 562 1394 quidem,
580 1326 701 1381 maxime
720 1331 816 1382 temen
833 1327 943 1390 iniere,
962 1327 1057 1396 eequi-

183 1415 229 1466 tas
250 1412 407 1482 spectanda
425 1411 469 1466 sit.
504 1412 639 1466 PAULUS:
658 1414 675 1466 Ι.
695 1414 779 1468 901).
798 1415 831 1467 de
849 1415 882 1466 R.
900 1414 925 1466 J.
944 1421 985 1476 50,
1005 1421 1045 1466 17.

240 1563 321 1630 Quod
344 1565 461 1634 quisque
484 1567 551 1622 iuris
574 1569 605 1621 in
623 1568 745 1623 alterum
768 1567 882 1630 statuit,
905 1565 1007 1620 eodem
1030 1568 1060 1620 et

184 1650 248 1719 ipse
266 1650 308 1705 uti
327 1651 419 1705 debet.
437 1651 452 1685 *
470 1653 555 1706 Inscr.
574 1655 590 1706 1.
612 1662 624 1708 1
645 1655 678 1708 l).
700 1655 769 1721 quod
785 1655 893 1720 quisque
911 1659 934 1715 2,
954 1659 977 1706 2.

237 1735 338 1790 Nullus
356 1735 468 1791 videtur
486 1738 552 1792 dolo
570 1738 673 1802 fecere,
695 1738 743 1806 qui
762 1754 814 1792 suo
831 1736 891 1791 iure
910 1737 1006 1791 utitur.

507 1821 614 1876 GAIUS:
633 1825 649 1877 1.
670 1830 702 1878 55
721 1823 754 1877 D.
773 1826 807 1876 de
825 1823 963 1886 Meo,
983 1830 1023 1876 17.

236 1906 300 1961 Non
318 1906 430 1962 videtur
447 1907 505 1962 vim
522 1908 624 1973 fecere,
644 1911 692 1978 qui
711 1910 770 1964 iure
790 1927 839 1964 suo
858 1910 954 1964 utissur.

319 2007 323 2016 ·
393 1993 527 2046 Pruuus:
547 1997 564 2047 t.
584 1995 757 2064 155511).
777 1999 809 2049 de
827 1997 963 2058 11150,
984 2001 1023 2048 17.

237 2077 291 2144 Qui
308 2079 368 2133 iure
388 2095 437 2132 suo
458 2077 551 2143 utitur,
570 2080 714 2135 neminem
731 2081 827 2136 laedit.

235 2163 325 2218 Nemo
344 2164 478 2218 damnum
495 2164 572 2227 feeit,
592 2165 648 2219 nisi
667 2153 715 2235 qui
732 2166 763 2220 id
779 2167 855 2229 fecit,
874 2164 952 2234 quod
964 2164 1059 2226 fecere

183 2249 229 2304 ius
247 2250 417 2305 nonhabet.
453 2247 587 2306 PAULUS:
608 2254 625 2306 l.
645 2253 745 2308 1511).
765 2255 797 2306 de
815 2254 848 2306 R.
867 2253 892 2305 J.
911 2259 952 2314 50,
971 2253 1012 2304 17.

235 2336 277 2390 De
303 2352 353 2390 suo
378 2339 463 2401 enim,
485 2356 544 2392 non
567 2339 602 2392 de
621 2339 715 2393 alieno
734 2341 793 2393 iure
813 2354 954 2406 quemque
974 2351 1059 2406 egere

184 2425 305 2492 oporteh
340 2423 505 2476 ULPIANUS:
525 2426 541 2477 I.
563 2433 577 2479 5
594 2441 638 2492 pr.
658 2425 690 2478 D.
710 2427 736 2477 si
752 2426 853 2492 usussr.
874 2431 896 2486 7,
916 2429 939 2476 6.

236 2508 350 2573 Omnia,
381 2525 455 2578 quae
484 2508 543 2564 iure
577 2510 794 2572 contrahuntur,
827 2507 968 2563 contrario
998 2497 1058 2560 iure
1115 2544 1116 2548 ,

181 2597 313 2663 pereunt.
350 2595 456 2650 GAIUS:
476 2597 492 2648 l.
513 2602 562 2651 100
580 2596 614 2649 D.
633 2597 666 2648 de
684 2596 717 2649 B.
736 2596 761 2648 J.
781 2601 821 2657 50,
841 2601 881 2647 17.

234 2679 371 2736 Resoluto
388 2681 448 2736 iure
468 2680 652 2737 concedentis
665 2679 815 2734 resolvitur
826 2679 870 2733 ius
883 2693 1058 2733 eoncessum.

234 2765 299 2820 Iure
319 2765 412 2820 dantis
431 2767 600 2821 confirmato
621 2765 803 2820 confirmetur
819 2765 863 2818 ius
882 2762 1058 2833 accipientis.

234 2855 260 2906 A
277 2852 337 2906 iure
356 2868 406 2905 suo
425 2869 508 2906 nemo
527 2850 661 2906 recedere
679 2850 879 2919 praesumitur.

235 2937 326 2992 Nemo
344 2937 410 3006 plus
428 2937 495 2991 iun's
516 2937 554 2990 ed
574 2936 660 2990 alium
677 2936 827 2990 transferre
845 2937 955 3005 potest,
974 2949 1059 3001 quem

183 3024 246 3093 ipse
265 3023 361 3076 hebet.
396 3022 565 3076 ULPIANUS:
584 3024 601 3074 l.
620 3028 653 3076 54
672 3023 705 3075 D.
724 3023 756 3074 de
775 3023 807 3074 R.
827 3021 852 3074 J.
871 3028 912 3084 50,
933 3028 971 3073 17.
