2698 3558
678 332 718 395 10

313 498 376 552 Iure
403 501 521 552 naturus
545 509 668 566 aequum
691 502 736 554 est
759 500 903 554 neminem
926 516 990 554 oum
1012 501 1129 556 ulterius

260 582 431 642 detrimento
450 585 480 637 et
496 582 598 638 iniuria
615 583 675 638 fieri
696 584 920 654 locupletiorem.
949 585 1130 644 POMPONIUS:

691 671 708 723 l.
727 677 776 724 206
797 671 829 725 D.
848 672 880 723 de
898 672 932 725 B.
950 671 975 724 J.
994 678 1035 734 50,
1055 679 1096 730 1⁷.

312 771 421 826 Natura
443 789 565 840 aequum
588 775 633 826 est
652 772 796 827 neminem
819 789 884 826 cum
906 771 1021 828 alterius
1045 773 1130 828 detri-

259 860 356 911 mento
374 856 435 911 fieri
451 857 674 926 locupletiorem.
701 857 883 911 Poinouios:
902 860 919 912 Ι.
934 866 965 912 14
978 860 1011 912 D.
1025 861 1057 912 de
1068 875 1130 913 con·
1189 889 1193 898 ·

825 945 886 997 dict.
907 945 989 998 iudet.
1010 952 1049 1008 12,
1069 953 1094 998 6.

311 1044 522 1113 Iniquissimum
531 1044 644 1099 videtur
653 1045 755 1114 cuique
762 1045 911 1100 scientium
917 1046 1031 1100 ulterius
1042 1064 1128 1115 quam

258 1148 340 1184 suum
349 1146 451 1186 nocere
465 1130 511 1184 vel
527 1129 717 1200 ignorantiam
735 1130 852 1186 alterius
872 1129 919 1184 alii
940 1131 1126 1201 profuturum.

257 1216 425 1269 rsusunus
439 1213 591 1270 cnsunss:
610 1219 627 1269 l.
647 1224 661 1271 5
681 1218 713 1269 D.
732 1218 765 1270 de
775 1220 801 1284 j.
820 1221 846 1269 et
860 1215 884 1282 s.
904 1219 985 1284 lquor.
1005 1225 1045 1280 22,
1065 1227 1089 1273 6.

307 1318 371 1372 Non
391 1319 477 1374 debet
495 1319 611 1375 alterius
634 1318 790 1374 collusione
816 1321 866 1373 aut
887 1318 989 1373 inertia
1008 1319 1125 1375 alterius

257 1404 323 1474 [ius]
353 1405 500 1474 corrumpi.
537 1404 648 1460 Gsws:
674 1407 691 1457 l.
716 1411 730 1460 9
753 1421 800 1472 pr.
823 1405 856 1458 D.
883 1407 915 1458 de
942 1406 1015 1458 liber.
1042 1422 1125 1459 causo

988 1497 1090 1553 40,st

306 1591 429 1647 Alterius
453 1597 502 1648 aut
528 1593 705 1663 negligentia
732 1596 783 1648 aut
810 1577 950 1662 cupiditas
973 1592 1047 1654 huic,
1075 1595 1125 1662 qui

255 1676 376 1745 diligens
394 1677 456 1741 fuit,
474 1695 576 1734 nocere
589 1696 647 1733 nou
665 1679 759 1734 debet.
779 1680 794 1712 *
812 1678 943 1731 PAULus:
961 1681 977 1732 l.
997 1684 1071 1744 m
1091 1681 1123 1733 I).

744 1767 777 1818 de
795 1765 873 1817 rebus
891 1770 990 1818 auctor.
1003 1771 1045 1827 42,
1064 1771 1088 1819 5.

306 1848 338 1900 ln
366 1848 481 1903 alterius
508 1848 668 1920 praemium
690 1849 764 1904 verti
791 1849 914 1903 alienum
935 1851 1042 1902 metum
1064 1866 1122 1903 non

253 1936 376 2001 oportet.
411 1933 579 1988 Uuslsuus:
597 1938 613 1988 l.
635 1944 666 1990 14
685 1937 702 2004 5
722 1942 737 1990 9
757 1936 871 2001 1).un
887 1939 969 1986 metus
986 1950 1008 1986 c.
1026 1942 1051 1995 4,
1070 1940 1094 1986 2.

305 2017 369 2072 Non
387 2019 474 2074 debet
491 2020 593 2088 uliquis
613 2020 731 2076 ulterius
751 2018 816 2074 odio
834 2017 1022 2087 praegravari

656 2104 1084 2164 cwaestlmwtm

304 2187 438 2244 Cedendo
452 2194 586 2247 extraneo
599 2190 670 2245 nihil
687 2190 788 2259 agitur.
808 2193 826 2253 §
844 2187 897 2242 3J.
915 2190 947 2240 de
959 2187 1045 2254 ususr.
1059 2196 1083 2251 2,
1095 2197 1120 2242 4.

304 2273 500 2330 (lentissimum
527 2281 572 2332 est
598 2293 632 2332 ex
659 2275 776 2331 alterius
804 2275 952 2327 contractu
978 2273 1120 2328 neminem

250 2357 378 2428 obligari.
416 2362 444 2414 L.
464 2369 478 2416 3
501 2363 526 2415 0.
544 2379 577 2416 ne
594 2378 667 2415 uxor
681 2377 735 2429 pro
753 2375 818 2411 mor.
836 2365 860 2419 4,
881 2363 920 2410 li.

300 2444 361 2498 Neo
378 2446 551 2515 paciscendo
569 2463 623 2502 nec
640 2448 734 2516 legem
747 2443 867 2498 diceudo
884 2459 938 2497 neo
957 2442 1119 2512 stipulando

249 2527 400 2598 quisquam
418 2532 500 2587 alteri
519 2548 618 2587 cavere
636 2534 742 2601 potest.
778 2530 956 2583 ScluvouA:
977 2534 994 2584 I.
1016 2537 1047 2585 73
1065 2535 1084 2595 §
1102 2527 1119 2586 4

786 2617 818 2668 D.
836 2617 869 2667 de
887 2617 920 2669 B.
938 2616 963 2669 J.
983 2622 1022 2676 50,
1043 2624 1083 2669 17.

299 2699 388 2756 Nemo
407 2703 531 2758 alienum
548 2703 656 2757 fuctum
673 2699 867 2771 promittendo
885 2701 1035 2770 obligatur.

299 2784 417 2840 Factum
437 2787 560 2843 alienum
577 2785 716 2842 inutiliter
731 2784 912 2855 promittitur.

389 2871 655 2929 Hnuuousrusuus:
675 2873 691 2924 l.
711 2877 743 2926 65
764 2871 796 2925 D.
814 2871 846 2923 de
860 2872 979 2938 fidpuss.
997 2875 1039 2931 46,
1060 2877 1081 2922 1.

298 2953 398 3010 Potest
416 2957 477 3025 quis
495 2974 547 3027 per
565 2957 664 3019 olium,
689 2956 766 3024 quod
788 2957 885 3024 potest
906 2954 998 3008 facere
1016 2969 1068 3023 per
1085 2972 1117 3010 se

246 3039 347 3108 ipsum.
384 3057 406 3096 c.
425 3048 457 3097 68
475 3045 508 3096 de
526 3045 558 3097 R.
578 3044 603 3097 J.
623 3045 649 3096 in
669 3048 711 3098 610
730 3048 754 3102 5,
776 3048 813 3095 12.
