2590 3546
553 289 613 354 135

199 456 280 522 Quod
307 459 384 512 certa
411 455 456 512 die
482 455 652 526 promissum
679 460 733 522 cst,
761 458 807 512 vel
834 457 930 512 statim
957 459 1019 514 dari

145 545 254 614 potest:
281 545 372 596 totum
400 541 474 596 enim
501 542 626 597 medium
652 546 762 612 tempus
790 542 827 596 ad
853 543 1019 598 solvendum

147 627 312 698 promissori
330 626 450 682 liberum
466 627 587 696 relinqui
599 627 774 698 intelligitur.
802 628 929 682 CELSUS:
948 631 966 682 l.
986 637 1018 685 70

698 715 732 768 D.
751 716 783 768 de
801 716 878 769 solut.
897 723 939 779 46,
959 723 982 770 3.

201 799 282 867 Quod
309 797 372 867 quis
399 799 493 868 aliquo
521 815 595 853 anno
622 799 688 853 dure
715 799 856 870 promittit
877 804 928 855 cut
951 801 1018 856 dare

148 889 304 949 damnetur,
324 884 350 939 ei
367 887 495 954 potestus
515 887 558 938 est
570 883 699 953 quolibet
711 885 771 940 eius
784 886 851 946 anni
864 886 909 941 die
924 886 1017 940 dandi.

356 972 541 1025 Pcrffcrnus:
560 972 578 1024 7.
598 977 631 1025 50
649 971 682 1024 D.
701 973 734 1024 de
756 971 784 1025 O.
803 977 830 1025 et
847 971 880 1025 Α.
897 979 939 1037 44,
960 982 982 1029 7.

199 1057 353 1128 Nihilpeti
371 1059 552 1126 potestante
575 1054 605 1109 id
627 1059 751 1126 tempus,
775 1074 831 1124 quc
854 1074 906 1126 per
926 1074 1020 1112 rerum

150 1147 280 1199 usturam
301 1141 425 1213 persolvi
447 1141 544 1211 possit.
580 1141 707 1196 Cuneus:
731 1144 749 1195 Ι.
770 1150 818 1198 186
837 1143 870 1196 D.
888 1145 922 1197 de
941 1145 975 1198 R.
993 1145 1019 1198 J.

881 1236 922 1294 50,
943 1239 982 1286 17.

200 1316 289 1370 Prcut
307 1315 431 1386 quidque
450 1317 625 1368 contractum
644 1316 696 1378 est,
714 1313 756 1368 ita
774 1317 803 1369 et
820 1315 891 1369 solvi
909 1316 1003 1370 debet.

409 1401 600 1453 Ponroruus:
617 1401 634 1454 ἱ.
653 1408 686 1457 00
704 1401 738 1454 I).
756 1403 790 1454 de
807 1403 883 1454 solut.
901 1408 942 1463 46,
961 1409 985 1456 3.

204 1485 343 1540 Solvendc
363 1503 423 1540 esse
442 1503 526 1540 nemo
544 1485 725 1554 intelligitur,
747 1485 803 1540 nisi
826 1486 876 1554 qui
899 1485 1020 1540 solidum

151 1572 247 1640 potest
265 1572 383 1626 solvere.
410 1571 594 1625 nvocnrcs:
614 1573 632 1624 7.
652 1579 701 1626 144
719 1572 752 1625 D.
770 1574 804 1625 de
826 1572 854 1625 V.
873 1571 901 1626 S.
919 1578 960 1634 50,
981 1578 1020 1626 16.

205 1655 292 1712 Nemo
311 1657 423 1712 dubitat
441 1657 576 1712 solvendo
589 1655 678 1712 videri
696 1673 768 1721 eum,
786 1656 835 1724 qui
854 1656 1020 1711 defenditur.

415 1742 926 1805 Unrnrus:l.95D.deR.J.50,
948 1751 986 1796 17.

434 1939 579 2006 species.
612 1938 737 1994 Genus.

206 2082 320 2152 Semper
338 2083 472 2154 specialia
489 2083 667 2153 generalibus
680 2083 785 2138 insunt.
815 2082 921 2137 GAIus:
940 2085 957 2136 l.
972 2091 1019 2137 147

687 2170 722 2224 D.
740 2172 772 2224 de
790 2169 824 2224 R.
841 2170 866 2223 J.
885 2176 926 2234 50,
946 2177 986 2224 17.

204 2253 237 2306 In
255 2256 317 2309 tcto
332 2254 392 2309 iure
410 2253 508 2324 generi
524 2265 583 2325 pcr'
594 2255 719 2324 speciem
737 2255 888 2324 derogatur
905 2257 935 2309 et
950 2253 1022 2307 illud

154 2337 332 2409 potissimum
349 2340 477 2403 hebetur,
496 2340 573 2408 quod
590 2340 628 2393 ad
646 2339 772 2409 speciem
790 2339 930 2394 directum
947 2342 998 2394 est.

382 2425 580 2480 Psrnusrus:
600 2428 618 2479 7.
636 2432 670 2480 80
688 2426 721 2479 D.
739 2428 773 2479 de
790 2426 824 2479 R.
842 2427 867 2479 J.
887 2432 928 2490 50,
948 2434 987 2481 17.

206 2508 321 2580 Species
344 2511 440 2581 generi
463 2511 590 2580 deroget
626 2509 823 2564 Psrrrrsrus:
847 2513 865 2564 7.
886 2519 918 2566 41
939 2511 971 2564 D.
990 2512 1022 2564 de

247 2599 343 2663 poenis
358 2603 401 2660 48,
421 2603 452 2651 10
470 2599 522 2666 (cs.
541 2613 563 2650 c.
582 2602 615 2651 84
632 2598 665 2650 de
683 2597 716 2650 R.
735 2597 760 2653 J.
778 2599 806 2650 in
824 2600 866 2651 640
885 2603 909 2660 5,
929 2603 987 2661 12).

206 2680 322 2750 Species
339 2681 415 2750 perit
431 2681 465 2745 ei,
485 2681 530 2736 cui
548 2681 676 2736 debetur.

93 2829 96 2836 Ι
204 2765 323 2820 Debitor
341 2766 446 2835 speciei
463 2766 601 2821 liberatur
617 2766 734 2821 interitu
751 2767 799 2821 rei.

204 2850 300 2905 Genus
318 2853 409 2921 perire
427 2869 484 2907 non
502 2854 640 2907 censetur.
